,date,stock_id,deal_price,volume,Time,TickType
0,2021-06-21,1504,32.4,4,08:31:17.305,1
1,2021-06-21,1504,32.4,4,08:31:22.324,1
2,2021-06-21,1504,32.4,4,08:31:32.364,1
3,2021-06-21,1504,32.4,4,08:32:02.469,1
4,2021-06-21,1504,32.4,4,08:32:07.488,1
5,2021-06-21,1504,32.4,6,08:32:12.507,1
6,2021-06-21,1504,32.4,6,08:32:22.543,1
7,2021-06-21,1504,32.4,6,08:33:07.707,1
8,2021-06-21,1504,32.4,6,08:39:24.479,1
9,2021-06-21,1504,32.4,5,08:40:24.828,1
10,2021-06-21,1504,32.4,4,08:40:54.948,1
11,2021-06-21,1504,32.4,4,08:41:35.099,1
12,2021-06-21,1504,32.4,5,08:44:25.730,1
13,2021-06-21,1504,32.4,6,08:45:31.574,1
14,2021-06-21,1504,32.4,6,08:49:57.384,1
15,2021-06-21,1504,32.4,5,08:50:22.521,1
16,2021-06-21,1504,32.35,5,08:50:42.606,2
17,2021-06-21,1504,32.35,5,08:52:02.908,2
18,2021-06-21,1504,32.35,5,08:52:28.002,2
19,2021-06-21,1504,32.35,5,08:52:33.021,2
20,2021-06-21,1504,32.35,5,08:52:58.112,2
21,2021-06-21,1504,32.35,5,08:53:18.181,2
22,2021-06-21,1504,32.35,5,08:56:39.472,2
23,2021-06-21,1504,32.35,5,08:56:54.513,2
24,2021-06-21,1504,32.35,5,08:59:55.104,2
25,2021-06-21,1504,32.35,6,09:00:02.152,2
26,2021-06-21,1504,32.4,5,09:00:12.969,1
27,2021-06-21,1504,32.4,3,09:00:13.107,0
28,2021-06-21,1504,32.6,1,09:00:13.704,1
29,2021-06-21,1504,32.7,1,09:00:14.004,1
30,2021-06-21,1504,32.7,1,09:00:20.084,0
31,2021-06-21,1504,32.3,1,09:00:26.352,2
32,2021-06-21,1504,32.35,1,09:00:47.199,1
33,2021-06-21,1504,32.3,1,09:01:00.593,2
34,2021-06-21,1504,32.25,3,09:01:07.375,2
35,2021-06-21,1504,32.25,1,09:01:08.773,0
36,2021-06-21,1504,32.2,4,09:01:35.276,2
37,2021-06-21,1504,32.2,1,09:02:05.852,0
38,2021-06-21,1504,32.2,1,09:02:41.069,2
39,2021-06-21,1504,32.25,1,09:02:46.579,1
40,2021-06-21,1504,32.5,2,09:03:02.440,1
41,2021-06-21,1504,32.45,1,09:03:45.155,2
42,2021-06-21,1504,32.2,1,09:04:08.033,2
43,2021-06-21,1504,32.3,25,09:04:26.601,1
44,2021-06-21,1504,32.4,1,09:07:29.216,1
45,2021-06-21,1504,32.5,3,09:08:01.206,1
46,2021-06-21,1504,32.5,1,09:08:16.668,1
47,2021-06-21,1504,32.5,1,09:08:50.724,1
48,2021-06-21,1504,32.45,1,09:10:30.056,2
49,2021-06-21,1504,32.45,1,09:12:09.770,2
50,2021-06-21,1504,32.45,2,09:13:15.460,2
51,2021-06-21,1504,32.45,1,09:13:25.465,2
52,2021-06-21,1504,32.45,1,09:13:55.296,2
53,2021-06-21,1504,32.45,1,09:17:07.068,2
54,2021-06-21,1504,32.45,1,09:17:16.477,2
55,2021-06-21,1504,32.45,1,09:17:17.646,2
56,2021-06-21,1504,32.45,1,09:17:19.377,2
57,2021-06-21,1504,32.45,5,09:17:20.305,0
58,2021-06-21,1504,32.4,1,09:17:59.738,2
59,2021-06-21,1504,32.4,1,09:20:01.495,1
60,2021-06-21,1504,32.4,1,09:20:09.284,1
61,2021-06-21,1504,32.4,1,09:20:15.058,0
62,2021-06-21,1504,32.4,1,09:23:11.300,2
63,2021-06-21,1504,32.45,1,09:23:12.032,1
64,2021-06-21,1504,32.4,1,09:24:24.522,2
65,2021-06-21,1504,32.4,1,09:26:42.441,2
66,2021-06-21,1504,32.4,3,09:27:43.813,2
67,2021-06-21,1504,32.4,1,09:28:24.471,2
68,2021-06-21,1504,32.4,3,09:31:17.015,2
69,2021-06-21,1504,32.4,1,09:32:07.765,2
70,2021-06-21,1504,32.4,1,09:32:16.313,2
71,2021-06-21,1504,32.4,6,09:32:41.163,2
72,2021-06-21,1504,32.4,8,09:32:49.367,0
73,2021-06-21,1504,32.35,2,09:33:36.594,2
74,2021-06-21,1504,32.35,9,09:34:21.455,0
75,2021-06-21,1504,32.35,1,09:34:56.984,1
76,2021-06-21,1504,32.3,4,09:35:08.291,2
77,2021-06-21,1504,32.3,1,09:39:43.854,1
78,2021-06-21,1504,32.25,17,09:40:43.344,2
79,2021-06-21,1504,32.25,1,09:41:25.855,1
80,2021-06-21,1504,32.25,1,09:41:43.100,1
81,2021-06-21,1504,32.2,2,09:42:04.401,2
82,2021-06-21,1504,32.2,32,09:42:04.434,0
83,2021-06-21,1504,32.15,2,09:42:10.126,2
84,2021-06-21,1504,32.1,2,09:43:14.822,2
85,2021-06-21,1504,32.1,17,09:43:14.871,0
86,2021-06-21,1504,32.0,4,09:43:30.804,2
87,2021-06-21,1504,32.1,3,09:43:58.826,1
88,2021-06-21,1504,32.05,2,09:44:06.137,2
89,2021-06-21,1504,32.1,2,09:44:37.596,1
90,2021-06-21,1504,32.0,2,09:45:21.041,2
91,2021-06-21,1504,32.0,1,09:45:30.462,2
92,2021-06-21,1504,32.0,5,09:45:44.874,2
93,2021-06-21,1504,32.05,1,09:46:23.253,1
94,2021-06-21,1504,32.05,1,09:46:24.999,2
95,2021-06-21,1504,32.0,1,09:46:27.361,2
96,2021-06-21,1504,32.0,2,09:46:33.358,2
97,2021-06-21,1504,32.0,5,09:47:03.877,2
98,2021-06-21,1504,32.0,1,09:47:31.469,2
99,2021-06-21,1504,32.05,1,09:48:17.002,1
100,2021-06-21,1504,32.05,1,09:48:17.806,1
101,2021-06-21,1504,32.05,1,09:48:26.897,1
102,2021-06-21,1504,32.05,10,09:49:04.639,1
103,2021-06-21,1504,32.05,2,09:49:53.246,1
104,2021-06-21,1504,32.05,8,09:50:00.041,2
105,2021-06-21,1504,32.05,2,09:50:00.245,1
106,2021-06-21,1504,32.0,1,09:52:08.703,2
107,2021-06-21,1504,32.0,27,09:52:52.640,0
108,2021-06-21,1504,32.0,2,09:52:54.676,0
109,2021-06-21,1504,32.0,1,09:53:01.397,0
110,2021-06-21,1504,31.95,1,09:53:20.936,2
111,2021-06-21,1504,31.95,11,09:53:34.410,0
112,2021-06-21,1504,31.95,1,09:53:38.637,0
113,2021-06-21,1504,31.9,1,09:54:00.060,2
114,2021-06-21,1504,31.9,1,09:54:00.188,2
115,2021-06-21,1504,31.9,1,09:54:19.763,2
116,2021-06-21,1504,31.95,1,09:54:43.778,1
117,2021-06-21,1504,31.9,1,09:54:50.007,2
118,2021-06-21,1504,31.9,1,09:54:51.019,2
119,2021-06-21,1504,31.9,2,09:54:53.483,2
120,2021-06-21,1504,31.9,1,09:54:56.151,2
121,2021-06-21,1504,31.9,1,09:55:00.648,2
122,2021-06-21,1504,31.9,4,09:55:01.867,2
123,2021-06-21,1504,31.9,1,09:55:02.263,2
124,2021-06-21,1504,31.9,3,09:55:07.422,2
125,2021-06-21,1504,31.9,3,09:55:09.706,2
126,2021-06-21,1504,31.9,15,09:55:12.288,0
127,2021-06-21,1504,31.95,1,09:55:13.780,1
128,2021-06-21,1504,31.9,1,09:56:00.058,2
129,2021-06-21,1504,31.9,9,09:56:29.275,2
130,2021-06-21,1504,31.9,1,09:56:40.627,2
131,2021-06-21,1504,31.9,18,09:56:57.440,0
132,2021-06-21,1504,31.85,2,09:57:05.522,2
133,2021-06-21,1504,31.9,2,09:58:16.902,1
134,2021-06-21,1504,31.9,8,09:58:47.738,2
135,2021-06-21,1504,31.95,15,09:58:47.760,1
136,2021-06-21,1504,31.95,15,09:58:59.640,1
137,2021-06-21,1504,31.95,15,09:59:16.396,1
138,2021-06-21,1504,31.9,2,09:59:32.578,2
139,2021-06-21,1504,31.9,1,09:59:34.531,2
140,2021-06-21,1504,31.9,1,09:59:36.297,2
141,2021-06-21,1504,31.9,1,09:59:37.610,2
142,2021-06-21,1504,31.9,1,09:59:47.661,2
143,2021-06-21,1504,31.9,1,09:59:50.123,2
144,2021-06-21,1504,31.9,3,09:59:50.882,2
145,2021-06-21,1504,31.9,1,09:59:51.508,2
146,2021-06-21,1504,31.9,2,09:59:52.670,2
147,2021-06-21,1504,31.9,4,09:59:55.935,2
148,2021-06-21,1504,31.9,5,09:59:55.968,0
149,2021-06-21,1504,31.9,1,09:59:59.404,0
150,2021-06-21,1504,31.85,5,10:01:08.559,2
151,2021-06-21,1504,31.9,6,10:01:44.415,1
152,2021-06-21,1504,31.85,1,10:01:59.723,2
153,2021-06-21,1504,31.85,1,10:02:19.212,2
154,2021-06-21,1504,31.85,31,10:02:26.224,0
155,2021-06-21,1504,31.8,3,10:02:31.112,2
156,2021-06-21,1504,31.8,2,10:03:13.402,2
157,2021-06-21,1504,31.8,9,10:03:13.590,2
158,2021-06-21,1504,31.8,3,10:03:13.770,2
159,2021-06-21,1504,31.8,2,10:03:16.484,2
160,2021-06-21,1504,31.8,1,10:03:16.990,2
161,2021-06-21,1504,31.85,2,10:03:37.264,1
162,2021-06-21,1504,31.85,1,10:05:04.186,1
163,2021-06-21,1504,31.85,2,10:05:12.136,1
164,2021-06-21,1504,31.8,1,10:05:21.659,2
165,2021-06-21,1504,31.85,2,10:05:45.076,1
166,2021-06-21,1504,31.85,1,10:06:00.161,1
167,2021-06-21,1504,31.85,15,10:06:00.191,1
168,2021-06-21,1504,31.85,1,10:06:00.228,1
169,2021-06-21,1504,31.85,1,10:06:10.647,1
170,2021-06-21,1504,31.85,15,10:06:10.707,1
171,2021-06-21,1504,31.85,1,10:06:16.176,1
172,2021-06-21,1504,31.85,1,10:06:19.023,1
173,2021-06-21,1504,31.85,1,10:07:19.008,1
174,2021-06-21,1504,31.85,15,10:07:19.064,1
175,2021-06-21,1504,31.85,40,10:07:19.100,0
176,2021-06-21,1504,31.9,2,10:07:19.139,1
177,2021-06-21,1504,31.85,3,10:07:19.333,2
178,2021-06-21,1504,31.85,1,10:08:23.602,2
179,2021-06-21,1504,31.85,1,10:08:26.001,2
180,2021-06-21,1504,31.85,1,10:08:27.283,2
181,2021-06-21,1504,31.85,2,10:08:29.031,2
182,2021-06-21,1504,31.9,1,10:09:56.474,1
183,2021-06-21,1504,31.9,1,10:10:10.675,1
184,2021-06-21,1504,31.85,1,10:10:24.461,2
185,2021-06-21,1504,31.85,1,10:10:36.411,2
186,2021-06-21,1504,31.85,2,10:10:37.512,2
187,2021-06-21,1504,31.85,1,10:10:38.992,2
188,2021-06-21,1504,31.9,13,10:10:58.998,1
189,2021-06-21,1504,31.9,1,10:10:59.041,1
190,2021-06-21,1504,31.9,1,10:11:01.677,1
191,2021-06-21,1504,31.9,10,10:11:44.320,1
192,2021-06-21,1504,31.9,4,10:11:44.354,0
193,2021-06-21,1504,31.9,1,10:11:44.577,0
194,2021-06-21,1504,31.9,1,10:12:31.990,2
195,2021-06-21,1504,32.05,5,10:13:22.021,1
196,2021-06-21,1504,32.05,58,10:13:24.107,2
197,2021-06-21,1504,32.05,5,10:13:24.150,0
198,2021-06-21,1504,32.1,6,10:13:27.090,1
199,2021-06-21,1504,32.25,17,10:13:27.219,1
200,2021-06-21,1504,32.4,7,10:13:27.488,1
201,2021-06-21,1504,32.4,20,10:13:36.883,1
202,2021-06-21,1504,32.4,18,10:13:43.918,2
203,2021-06-21,1504,32.4,2,10:13:43.950,0
204,2021-06-21,1504,32.4,2,10:13:49.713,2
205,2021-06-21,1504,32.4,3,10:13:49.730,0
206,2021-06-21,1504,32.45,5,10:13:54.173,1
207,2021-06-21,1504,32.4,1,10:13:57.617,2
208,2021-06-21,1504,32.4,20,10:14:00.505,0
209,2021-06-21,1504,32.4,7,10:14:04.461,2
210,2021-06-21,1504,32.45,14,10:14:21.199,1
211,2021-06-21,1504,32.45,1,10:14:42.035,1
212,2021-06-21,1504,32.45,9,10:14:45.957,2
213,2021-06-21,1504,32.55,8,10:14:48.004,1
214,2021-06-21,1504,32.6,1,10:14:54.486,1
215,2021-06-21,1504,32.7,3,10:15:05.962,1
216,2021-06-21,1504,32.55,1,10:15:17.561,2
217,2021-06-21,1504,32.55,1,10:15:30.649,2
218,2021-06-21,1504,32.55,1,10:15:32.562,2
219,2021-06-21,1504,32.6,4,10:15:34.698,1
220,2021-06-21,1504,32.65,1,10:15:40.001,1
221,2021-06-21,1504,32.6,1,10:15:44.664,2
222,2021-06-21,1504,32.65,1,10:15:56.836,1
223,2021-06-21,1504,32.6,1,10:15:59.577,2
224,2021-06-21,1504,32.65,2,10:16:02.291,1
225,2021-06-21,1504,32.65,2,10:16:02.335,2
226,2021-06-21,1504,32.65,1,10:16:03.102,0
227,2021-06-21,1504,32.7,1,10:16:08.011,1
228,2021-06-21,1504,32.7,1,10:16:08.014,1
229,2021-06-21,1504,32.65,1,10:16:34.038,2
230,2021-06-21,1504,32.6,1,10:16:46.807,2
231,2021-06-21,1504,32.6,1,10:16:53.543,2
232,2021-06-21,1504,32.6,12,10:16:53.915,0
233,2021-06-21,1504,32.55,1,10:17:11.596,2
234,2021-06-21,1504,32.6,1,10:17:15.976,1
235,2021-06-21,1504,32.6,1,10:17:15.981,1
236,2021-06-21,1504,32.6,1,10:17:22.260,1
237,2021-06-21,1504,32.6,1,10:17:22.261,1
238,2021-06-21,1504,32.6,1,10:17:22.523,1
239,2021-06-21,1504,32.6,1,10:17:23.017,1
240,2021-06-21,1504,32.6,5,10:17:25.524,0
241,2021-06-21,1504,32.6,1,10:17:25.622,0
242,2021-06-21,1504,32.65,1,10:17:27.346,1
243,2021-06-21,1504,32.6,1,10:17:30.250,2
244,2021-06-21,1504,32.6,2,10:17:39.909,2
245,2021-06-21,1504,32.6,2,10:17:42.531,2
246,2021-06-21,1504,32.6,1,10:17:49.636,2
247,2021-06-21,1504,32.6,1,10:17:59.095,0
248,2021-06-21,1504,32.6,1,10:18:17.891,2
249,2021-06-21,1504,32.65,5,10:18:17.924,1
250,2021-06-21,1504,32.6,1,10:18:43.787,2
251,2021-06-21,1504,32.6,1,10:18:49.322,2
252,2021-06-21,1504,32.65,4,10:19:11.220,1
253,2021-06-21,1504,32.7,8,10:19:25.931,1
254,2021-06-21,1504,32.75,6,10:19:25.958,1
255,2021-06-21,1504,32.8,10,10:20:00.255,1
256,2021-06-21,1504,32.8,1,10:20:00.276,0
257,2021-06-21,1504,32.75,1,10:20:02.712,2
258,2021-06-21,1504,32.75,1,10:20:04.427,2
259,2021-06-21,1504,32.85,2,10:20:07.628,1
260,2021-06-21,1504,32.8,2,10:20:07.631,2
261,2021-06-21,1504,32.85,1,10:20:07.683,1
262,2021-06-21,1504,32.85,1,10:20:07.685,1
263,2021-06-21,1504,32.85,8,10:20:10.093,0
264,2021-06-21,1504,32.8,1,10:20:10.977,2
265,2021-06-21,1504,32.9,1,10:20:12.755,1
266,2021-06-21,1504,32.9,1,10:20:12.756,1
267,2021-06-21,1504,32.8,1,10:20:13.036,2
268,2021-06-21,1504,32.8,1,10:20:17.118,2
269,2021-06-21,1504,32.9,1,10:20:18.306,1
270,2021-06-21,1504,32.9,1,10:20:18.308,1
271,2021-06-21,1504,32.8,1,10:20:19.490,2
272,2021-06-21,1504,32.8,1,10:20:21.391,2
273,2021-06-21,1504,32.85,1,10:20:23.480,1
274,2021-06-21,1504,32.85,1,10:20:23.482,1
275,2021-06-21,1504,32.9,1,10:20:30.823,1
276,2021-06-21,1504,32.9,1,10:20:30.825,1
277,2021-06-21,1504,32.85,1,10:20:48.102,2
278,2021-06-21,1504,32.85,1,10:20:55.654,2
279,2021-06-21,1504,32.85,4,10:21:00.359,2
280,2021-06-21,1504,32.85,1,10:21:01.166,2
281,2021-06-21,1504,32.85,1,10:21:06.221,2
282,2021-06-21,1504,32.85,3,10:21:13.888,2
283,2021-06-21,1504,32.85,9,10:21:21.463,1
284,2021-06-21,1504,32.85,1,10:21:27.741,0
285,2021-06-21,1504,32.85,1,10:21:34.380,1
286,2021-06-21,1504,32.85,1,10:21:38.900,1
287,2021-06-21,1504,32.85,1,10:21:38.926,2
288,2021-06-21,1504,32.85,2,10:21:45.960,2
289,2021-06-21,1504,32.9,1,10:21:47.938,1
290,2021-06-21,1504,32.85,2,10:21:51.653,2
291,2021-06-21,1504,32.9,1,10:21:52.434,1
292,2021-06-21,1504,32.85,1,10:21:57.934,2
293,2021-06-21,1504,32.85,1,10:22:03.723,0
294,2021-06-21,1504,32.85,1,10:22:18.153,1
295,2021-06-21,1504,32.85,1,10:22:18.154,1
296,2021-06-21,1504,32.85,1,10:22:23.711,0
297,2021-06-21,1504,32.85,1,10:23:08.504,2
298,2021-06-21,1504,32.85,2,10:23:09.365,2
299,2021-06-21,1504,32.85,1,10:23:26.258,2
300,2021-06-21,1504,33.0,81,10:24:17.531,1
301,2021-06-21,1504,33.0,1,10:24:31.827,2
302,2021-06-21,1504,33.05,6,10:24:41.770,1
303,2021-06-21,1504,33.0,1,10:24:43.055,2
304,2021-06-21,1504,33.1,1,10:24:46.490,1
305,2021-06-21,1504,33.0,44,10:24:46.833,2
306,2021-06-21,1504,32.9,56,10:24:46.866,2
307,2021-06-21,1504,32.85,10,10:24:46.869,2
308,2021-06-21,1504,32.9,1,10:24:51.583,1
309,2021-06-21,1504,32.9,7,10:25:10.387,0
310,2021-06-21,1504,32.9,1,10:25:17.745,0
311,2021-06-21,1504,32.85,4,10:25:24.629,2
312,2021-06-21,1504,32.85,8,10:25:24.670,0
313,2021-06-21,1504,32.9,2,10:26:02.959,1
314,2021-06-21,1504,32.9,3,10:26:10.545,2
315,2021-06-21,1504,32.9,1,10:26:10.613,2
316,2021-06-21,1504,32.9,1,10:26:21.464,2
317,2021-06-21,1504,32.9,1,10:26:35.660,2
318,2021-06-21,1504,32.9,1,10:26:41.377,2
319,2021-06-21,1504,32.9,1,10:26:41.997,2
320,2021-06-21,1504,32.95,3,10:26:42.772,1
321,2021-06-21,1504,32.9,2,10:26:57.094,2
322,2021-06-21,1504,32.9,1,10:26:58.042,2
323,2021-06-21,1504,32.9,10,10:26:58.074,2
324,2021-06-21,1504,32.9,1,10:27:06.764,2
325,2021-06-21,1504,32.9,1,10:27:07.562,0
326,2021-06-21,1504,32.85,1,10:27:51.455,2
327,2021-06-21,1504,32.85,2,10:28:12.119,2
328,2021-06-21,1504,32.85,5,10:28:29.675,2
329,2021-06-21,1504,32.85,4,10:28:39.757,2
330,2021-06-21,1504,32.85,1,10:28:50.304,2
331,2021-06-21,1504,32.85,2,10:29:16.071,2
332,2021-06-21,1504,32.85,1,10:29:17.297,2
333,2021-06-21,1504,32.85,1,10:29:18.259,2
334,2021-06-21,1504,32.85,10,10:29:18.294,2
335,2021-06-21,1504,32.85,2,10:29:20.528,2
336,2021-06-21,1504,32.85,8,10:29:20.852,2
337,2021-06-21,1504,32.85,10,10:29:20.887,2
338,2021-06-21,1504,32.85,1,10:29:21.383,2
339,2021-06-21,1504,32.85,2,10:29:21.426,0
340,2021-06-21,1504,32.85,1,10:29:22.665,0
341,2021-06-21,1504,32.85,1,10:29:25.370,0
342,2021-06-21,1504,32.85,1,10:29:44.897,1
343,2021-06-21,1504,32.8,1,10:30:01.154,2
344,2021-06-21,1504,32.8,5,10:30:50.587,2
345,2021-06-21,1504,32.8,1,10:31:22.292,2
346,2021-06-21,1504,32.8,1,10:32:06.598,2
347,2021-06-21,1504,32.8,1,10:33:12.008,2
348,2021-06-21,1504,32.85,5,10:33:36.992,1
349,2021-06-21,1504,32.85,1,10:33:37.040,1
350,2021-06-21,1504,32.85,15,10:33:51.122,2
351,2021-06-21,1504,32.85,1,10:33:56.463,2
352,2021-06-21,1504,32.9,1,10:34:23.191,1
353,2021-06-21,1504,32.85,1,10:34:55.543,2
354,2021-06-21,1504,32.9,1,10:36:01.068,1
355,2021-06-21,1504,32.85,1,10:36:21.476,2
356,2021-06-21,1504,32.9,2,10:36:29.598,1
357,2021-06-21,1504,32.9,2,10:36:37.099,1
358,2021-06-21,1504,32.9,1,10:36:45.558,1
359,2021-06-21,1504,32.85,1,10:36:45.934,2
360,2021-06-21,1504,32.9,2,10:36:53.302,1
361,2021-06-21,1504,32.9,1,10:37:07.195,1
362,2021-06-21,1504,32.85,3,10:37:29.580,2
363,2021-06-21,1504,32.9,3,10:37:40.195,1
364,2021-06-21,1504,32.9,29,10:38:04.437,2
365,2021-06-21,1504,32.9,1,10:38:07.580,1
366,2021-06-21,1504,32.9,2,10:38:19.243,1
367,2021-06-21,1504,32.9,4,10:38:20.878,2
368,2021-06-21,1504,32.95,1,10:38:49.233,1
369,2021-06-21,1504,32.9,10,10:39:00.884,2
370,2021-06-21,1504,32.9,2,10:39:19.532,2
371,2021-06-21,1504,32.9,36,10:39:53.625,2
372,2021-06-21,1504,32.9,2,10:39:55.571,2
373,2021-06-21,1504,32.95,1,10:40:00.651,1
374,2021-06-21,1504,32.9,8,10:40:13.544,2
375,2021-06-21,1504,32.9,3,10:40:19.742,2
376,2021-06-21,1504,32.9,3,10:40:22.184,2
377,2021-06-21,1504,32.9,1,10:40:24.632,2
378,2021-06-21,1504,32.9,1,10:40:33.615,2
379,2021-06-21,1504,32.9,2,10:40:47.636,2
380,2021-06-21,1504,32.9,1,10:40:47.803,2
381,2021-06-21,1504,32.9,1,10:40:49.408,2
382,2021-06-21,1504,32.9,1,10:40:50.113,2
383,2021-06-21,1504,32.9,2,10:40:50.961,2
384,2021-06-21,1504,32.9,1,10:40:51.563,2
385,2021-06-21,1504,32.95,1,10:40:59.013,1
386,2021-06-21,1504,32.9,2,10:41:01.633,2
387,2021-06-21,1504,32.9,1,10:41:05.888,2
388,2021-06-21,1504,32.9,1,10:41:08.162,2
389,2021-06-21,1504,32.9,1,10:41:10.796,2
390,2021-06-21,1504,32.9,1,10:41:15.125,2
391,2021-06-21,1504,32.9,1,10:41:15.201,2
392,2021-06-21,1504,32.9,1,10:41:24.419,2
393,2021-06-21,1504,32.9,1,10:41:30.625,2
394,2021-06-21,1504,32.9,1,10:41:44.675,2
395,2021-06-21,1504,32.95,136,10:41:50.995,1
396,2021-06-21,1504,32.95,2,10:41:52.913,2
397,2021-06-21,1504,33.0,111,10:41:53.605,1
398,2021-06-21,1504,33.0,1,10:42:20.964,2
399,2021-06-21,1504,33.05,15,10:42:23.492,1
400,2021-06-21,1504,33.05,1,10:42:24.072,1
401,2021-06-21,1504,33.05,1,10:42:28.923,1
402,2021-06-21,1504,33.05,1,10:42:28.924,1
403,2021-06-21,1504,33.05,1,10:42:32.763,1
404,2021-06-21,1504,33.05,1,10:42:35.881,1
405,2021-06-21,1504,33.05,1,10:42:35.884,1
406,2021-06-21,1504,33.05,1,10:42:40.504,1
407,2021-06-21,1504,33.05,1,10:42:40.505,1
408,2021-06-21,1504,33.05,1,10:42:44.529,1
409,2021-06-21,1504,33.05,1,10:42:44.530,1
410,2021-06-21,1504,33.05,3,10:42:49.320,1
411,2021-06-21,1504,33.05,30,10:42:55.415,1
412,2021-06-21,1504,33.05,1,10:42:56.825,1
413,2021-06-21,1504,33.05,1,10:42:56.827,1
414,2021-06-21,1504,33.05,1,10:42:58.925,1
415,2021-06-21,1504,33.05,1,10:43:00.433,1
416,2021-06-21,1504,33.05,1,10:43:00.435,1
417,2021-06-21,1504,33.05,1,10:43:03.521,1
418,2021-06-21,1504,33.05,1,10:43:06.707,1
419,2021-06-21,1504,33.05,1,10:43:06.708,1
420,2021-06-21,1504,33.05,1,10:43:10.070,1
421,2021-06-21,1504,33.05,1,10:43:10.072,1
422,2021-06-21,1504,33.05,30,10:43:11.893,1
423,2021-06-21,1504,33.05,3,10:43:11.909,1
424,2021-06-21,1504,33.05,15,10:43:16.761,1
425,2021-06-21,1504,33.05,3,10:43:16.789,0
426,2021-06-21,1504,33.05,1,10:43:23.867,2
427,2021-06-21,1504,33.05,15,10:43:32.198,2
428,2021-06-21,1504,33.05,1,10:43:39.645,2
429,2021-06-21,1504,33.05,5,10:43:46.660,2
430,2021-06-21,1504,33.05,1,10:44:05.495,2
431,2021-06-21,1504,33.05,1,10:44:05.508,2
432,2021-06-21,1504,33.1,1,10:44:14.191,1
433,2021-06-21,1504,33.05,10,10:44:17.155,2
434,2021-06-21,1504,33.05,1,10:44:31.406,2
435,2021-06-21,1504,33.05,10,10:44:44.477,2
436,2021-06-21,1504,33.05,1,10:44:51.114,2
437,2021-06-21,1504,33.05,1,10:45:14.052,2
438,2021-06-21,1504,33.05,10,10:45:30.222,2
439,2021-06-21,1504,33.05,1,10:45:41.831,2
440,2021-06-21,1504,33.1,30,10:46:21.010,1
441,2021-06-21,1504,33.05,1,10:46:34.704,2
442,2021-06-21,1504,33.05,3,10:46:39.594,2
443,2021-06-21,1504,33.1,1,10:46:48.463,1
444,2021-06-21,1504,33.05,1,10:47:08.689,2
445,2021-06-21,1504,33.1,30,10:47:15.403,1
446,2021-06-21,1504,33.1,4,10:47:20.153,1
447,2021-06-21,1504,33.1,5,10:47:21.945,1
448,2021-06-21,1504,33.1,1,10:47:22.880,1
449,2021-06-21,1504,33.1,60,10:47:22.907,0
450,2021-06-21,1504,33.1,1,10:47:34.669,2
451,2021-06-21,1504,33.1,1,10:47:40.053,2
452,2021-06-21,1504,33.1,1,10:47:42.580,2
453,2021-06-21,1504,33.1,1,10:47:44.299,2
454,2021-06-21,1504,33.1,1,10:48:00.462,2
455,2021-06-21,1504,33.1,1,10:48:24.038,2
456,2021-06-21,1504,33.1,1,10:48:29.334,2
457,2021-06-21,1504,33.1,1,10:48:31.570,2
458,2021-06-21,1504,33.1,20,10:48:31.636,2
459,2021-06-21,1504,33.1,2,10:48:37.556,2
460,2021-06-21,1504,33.1,1,10:48:41.669,2
461,2021-06-21,1504,33.1,1,10:48:44.599,2
462,2021-06-21,1504,33.1,1,10:48:50.976,2
463,2021-06-21,1504,33.1,1,10:49:45.697,2
464,2021-06-21,1504,33.1,1,10:49:47.236,2
465,2021-06-21,1504,33.1,2,10:49:49.394,2
466,2021-06-21,1504,33.1,1,10:49:53.488,2
467,2021-06-21,1504,33.1,3,10:49:54.619,2
468,2021-06-21,1504,33.1,1,10:49:55.919,2
469,2021-06-21,1504,33.1,5,10:49:56.629,2
470,2021-06-21,1504,33.1,2,10:49:58.246,0
471,2021-06-21,1504,33.05,2,10:50:15.801,2
472,2021-06-21,1504,33.1,3,10:50:16.424,1
473,2021-06-21,1504,33.05,4,10:50:59.881,2
474,2021-06-21,1504,33.05,1,10:51:00.068,2
475,2021-06-21,1504,33.1,5,10:51:06.221,1
476,2021-06-21,1504,33.1,2,10:51:21.764,1
477,2021-06-21,1504,33.1,1,10:51:35.872,1
478,2021-06-21,1504,33.05,1,10:51:44.645,2
479,2021-06-21,1504,33.05,1,10:52:24.624,2
480,2021-06-21,1504,33.1,3,10:52:59.793,1
481,2021-06-21,1504,33.05,3,10:53:02.774,2
482,2021-06-21,1504,33.05,1,10:53:14.677,2
483,2021-06-21,1504,33.1,20,10:53:16.136,1
484,2021-06-21,1504,33.1,5,10:54:00.739,1
485,2021-06-21,1504,33.1,10,10:54:06.579,1
486,2021-06-21,1504,33.1,59,10:54:06.613,0
487,2021-06-21,1504,33.1,1,10:54:11.779,2
488,2021-06-21,1504,33.1,9,10:54:35.362,2
489,2021-06-21,1504,33.15,5,10:54:40.520,1
490,2021-06-21,1504,33.15,21,10:54:42.710,1
491,2021-06-21,1504,33.15,18,10:54:42.766,1
492,2021-06-21,1504,33.15,80,10:54:42.787,1
493,2021-06-21,1504,33.15,1,10:54:42.809,0
494,2021-06-21,1504,33.2,2,10:54:42.844,1
495,2021-06-21,1504,33.15,1,10:54:42.845,2
496,2021-06-21,1504,33.2,1,10:54:43.066,1
497,2021-06-21,1504,33.15,1,10:55:07.767,2
498,2021-06-21,1504,33.15,5,10:55:37.578,2
499,2021-06-21,1504,33.2,50,10:55:48.531,1
500,2021-06-21,1504,33.2,1,10:55:59.677,1
501,2021-06-21,1504,33.2,10,10:56:00.751,1
502,2021-06-21,1504,33.2,59,10:56:10.284,0
503,2021-06-21,1504,33.25,1,10:56:13.684,1
504,2021-06-21,1504,33.25,1,10:56:13.689,1
505,2021-06-21,1504,33.25,2,10:56:19.117,1
506,2021-06-21,1504,33.25,5,10:56:19.656,1
507,2021-06-21,1504,33.25,1,10:56:20.130,1
508,2021-06-21,1504,33.25,1,10:56:20.131,1
509,2021-06-21,1504,33.2,1,10:56:20.275,2
510,2021-06-21,1504,33.25,1,10:56:22.370,1
511,2021-06-21,1504,33.25,1,10:56:25.758,1
512,2021-06-21,1504,33.25,1,10:56:29.289,1
513,2021-06-21,1504,33.25,3,10:57:05.329,1
514,2021-06-21,1504,33.25,98,10:57:19.032,2
515,2021-06-21,1504,33.3,122,10:57:19.057,1
516,2021-06-21,1504,33.35,2,10:57:25.346,1
517,2021-06-21,1504,33.35,1,10:57:28.853,1
518,2021-06-21,1504,33.35,1,10:57:28.854,1
519,2021-06-21,1504,33.35,5,10:57:32.313,1
520,2021-06-21,1504,33.35,1,10:57:32.846,1
521,2021-06-21,1504,33.35,1,10:57:32.847,1
522,2021-06-21,1504,33.3,1,10:57:33.702,2
523,2021-06-21,1504,33.35,1,10:57:36.491,1
524,2021-06-21,1504,33.35,1,10:57:36.493,1
525,2021-06-21,1504,33.35,1,10:57:40.130,1
526,2021-06-21,1504,33.35,1,10:57:40.132,1
527,2021-06-21,1504,33.35,1,10:57:44.202,1
528,2021-06-21,1504,33.35,1,10:57:44.203,1
529,2021-06-21,1504,33.3,1,10:57:53.820,2
530,2021-06-21,1504,33.35,2,10:58:02.491,1
531,2021-06-21,1504,33.3,2,10:58:02.635,2
532,2021-06-21,1504,33.3,10,10:58:07.620,2
533,2021-06-21,1504,33.3,1,10:58:10.533,2
534,2021-06-21,1504,33.35,10,10:58:13.559,1
535,2021-06-21,1504,33.3,2,10:58:15.141,2
536,2021-06-21,1504,33.35,1,10:58:27.493,1
537,2021-06-21,1504,33.35,1,10:58:28.985,1
538,2021-06-21,1504,33.35,1,10:58:28.986,1
539,2021-06-21,1504,33.35,2,10:58:29.705,1
540,2021-06-21,1504,33.35,1,10:58:33.473,1
541,2021-06-21,1504,33.35,1,10:58:33.474,1
542,2021-06-21,1504,33.3,1,10:58:34.022,2
543,2021-06-21,1504,33.35,1,10:58:38.099,1
544,2021-06-21,1504,33.35,1,10:58:38.101,1
545,2021-06-21,1504,33.35,1,10:58:42.399,1
546,2021-06-21,1504,33.35,1,10:58:42.401,1
547,2021-06-21,1504,33.3,3,10:58:49.142,2
548,2021-06-21,1504,33.35,1,10:58:51.896,1
549,2021-06-21,1504,33.35,1,10:58:51.901,1
550,2021-06-21,1504,33.35,1,10:58:54.590,1
551,2021-06-21,1504,33.3,1,10:58:59.918,2
552,2021-06-21,1504,33.35,3,10:59:00.932,1
553,2021-06-21,1504,33.3,1,10:59:08.637,2
554,2021-06-21,1504,33.3,1,10:59:09.371,2
555,2021-06-21,1504,33.35,1,10:59:09.989,1
556,2021-06-21,1504,33.3,2,10:59:10.617,2
557,2021-06-21,1504,33.3,1,10:59:11.967,2
558,2021-06-21,1504,33.3,5,10:59:11.979,2
559,2021-06-21,1504,33.3,4,10:59:12.015,0
560,2021-06-21,1504,33.3,1,10:59:18.562,1
561,2021-06-21,1504,33.35,1,10:59:21.097,1
562,2021-06-21,1504,33.3,1,10:59:23.795,2
563,2021-06-21,1504,33.3,5,10:59:25.518,2
564,2021-06-21,1504,33.3,1,10:59:34.252,2
565,2021-06-21,1504,33.3,1,10:59:49.808,2
566,2021-06-21,1504,33.35,4,11:00:11.618,1
567,2021-06-21,1504,33.3,1,11:00:14.614,2
568,2021-06-21,1504,33.35,7,11:00:19.136,1
569,2021-06-21,1504,33.3,1,11:00:19.146,2
570,2021-06-21,1504,33.3,2,11:00:22.264,2
571,2021-06-21,1504,33.3,2,11:00:23.720,2
572,2021-06-21,1504,33.3,1,11:00:26.259,2
573,2021-06-21,1504,33.3,1,11:00:34.434,2
574,2021-06-21,1504,33.3,1,11:00:35.106,2
575,2021-06-21,1504,33.3,2,11:00:35.836,2
576,2021-06-21,1504,33.3,1,11:00:36.958,2
577,2021-06-21,1504,33.3,1,11:00:40.883,2
578,2021-06-21,1504,33.35,3,11:00:41.658,1
579,2021-06-21,1504,33.35,5,11:00:51.113,1
580,2021-06-21,1504,33.35,1,11:00:56.256,1
581,2021-06-21,1504,33.3,1,11:01:04.631,2
582,2021-06-21,1504,33.3,2,11:01:05.480,2
583,2021-06-21,1504,33.3,1,11:01:06.823,2
584,2021-06-21,1504,33.35,5,11:01:15.948,1
585,2021-06-21,1504,33.3,1,11:01:27.255,2
586,2021-06-21,1504,33.3,1,11:01:30.930,2
587,2021-06-21,1504,33.3,2,11:01:46.024,2
588,2021-06-21,1504,33.3,1,11:01:46.934,2
589,2021-06-21,1504,33.3,1,11:01:48.006,2
590,2021-06-21,1504,33.3,1,11:02:19.852,2
591,2021-06-21,1504,33.3,1,11:02:25.578,2
592,2021-06-21,1504,33.3,1,11:02:26.715,2
593,2021-06-21,1504,33.3,1,11:02:28.684,2
594,2021-06-21,1504,33.3,4,11:02:29.770,2
595,2021-06-21,1504,33.3,1,11:02:30.641,2
596,2021-06-21,1504,33.3,1,11:02:36.513,2
597,2021-06-21,1504,33.3,2,11:02:45.190,2
598,2021-06-21,1504,33.3,4,11:02:45.709,2
599,2021-06-21,1504,33.3,20,11:02:46.256,2
600,2021-06-21,1504,33.3,19,11:02:46.286,0
601,2021-06-21,1504,33.25,5,11:02:50.506,2
602,2021-06-21,1504,33.25,1,11:03:03.710,2
603,2021-06-21,1504,33.3,5,11:03:12.958,1
604,2021-06-21,1504,33.3,5,11:04:14.082,1
605,2021-06-21,1504,33.25,1,11:04:18.359,2
606,2021-06-21,1504,33.25,10,11:04:54.149,2
607,2021-06-21,1504,33.25,20,11:04:54.734,2
608,2021-06-21,1504,33.25,2,11:05:02.345,2
609,2021-06-21,1504,33.25,2,11:05:21.016,2
610,2021-06-21,1504,33.25,4,11:05:36.930,2
611,2021-06-21,1504,33.25,3,11:05:46.357,2
612,2021-06-21,1504,33.25,2,11:05:52.895,2
613,2021-06-21,1504,33.25,1,11:05:58.057,2
614,2021-06-21,1504,33.25,1,11:05:58.320,2
615,2021-06-21,1504,33.25,2,11:05:58.343,2
616,2021-06-21,1504,33.25,22,11:05:58.382,2
617,2021-06-21,1504,33.25,58,11:05:58.415,0
618,2021-06-21,1504,33.2,5,11:06:01.579,2
619,2021-06-21,1504,33.2,8,11:06:01.611,0
620,2021-06-21,1504,33.2,5,11:06:16.185,1
621,2021-06-21,1504,33.2,8,11:06:23.478,1
622,2021-06-21,1504,33.2,4,11:06:24.556,2
623,2021-06-21,1504,33.2,1,11:06:27.307,0
624,2021-06-21,1504,33.2,5,11:06:42.550,0
625,2021-06-21,1504,33.15,5,11:06:49.733,2
626,2021-06-21,1504,33.15,5,11:07:19.568,2
627,2021-06-21,1504,33.15,1,11:07:25.003,2
628,2021-06-21,1504,33.1,4,11:07:25.970,2
629,2021-06-21,1504,33.2,2,11:07:35.231,1
630,2021-06-21,1504,33.15,1,11:07:49.154,2
631,2021-06-21,1504,33.15,2,11:07:59.511,1
632,2021-06-21,1504,33.15,1,11:07:59.542,0
633,2021-06-21,1504,33.15,1,11:08:40.408,2
634,2021-06-21,1504,33.15,2,11:08:53.285,2
635,2021-06-21,1504,33.15,1,11:08:55.604,2
636,2021-06-21,1504,33.2,1,11:09:22.749,1
637,2021-06-21,1504,33.2,40,11:09:27.241,0
638,2021-06-21,1504,33.15,3,11:09:29.606,2
639,2021-06-21,1504,33.15,2,11:09:40.755,2
640,2021-06-21,1504,33.25,1,11:10:28.479,1
641,2021-06-21,1504,33.25,1,11:10:45.183,1
642,2021-06-21,1504,33.2,1,11:11:45.811,2
643,2021-06-21,1504,33.2,1,11:11:46.333,2
644,2021-06-21,1504,33.2,1,11:11:51.082,2
645,2021-06-21,1504,33.2,4,11:11:51.115,2
646,2021-06-21,1504,33.2,1,11:11:52.554,2
647,2021-06-21,1504,33.25,3,11:11:53.442,1
648,2021-06-21,1504,33.2,2,11:11:55.335,2
649,2021-06-21,1504,33.2,2,11:11:55.382,2
650,2021-06-21,1504,33.2,1,11:11:56.241,2
651,2021-06-21,1504,33.2,1,11:11:56.761,2
652,2021-06-21,1504,33.2,2,11:11:56.872,2
653,2021-06-21,1504,33.2,1,11:11:56.959,2
654,2021-06-21,1504,33.2,3,11:11:57.023,1
655,2021-06-21,1504,33.2,5,11:11:58.346,1
656,2021-06-21,1504,33.2,2,11:12:01.246,2
657,2021-06-21,1504,33.25,2,11:12:32.957,1
658,2021-06-21,1504,33.25,1,11:12:42.869,1
659,2021-06-21,1504,33.25,4,11:12:44.295,1
660,2021-06-21,1504,33.2,2,11:12:55.248,2
661,2021-06-21,1504,33.2,1,11:13:06.444,2
662,2021-06-21,1504,33.25,2,11:13:20.627,1
663,2021-06-21,1504,33.25,2,11:13:32.325,1
664,2021-06-21,1504,33.25,10,11:13:38.084,1
665,2021-06-21,1504,33.25,5,11:13:43.235,1
666,2021-06-21,1504,33.25,1,11:13:43.898,1
667,2021-06-21,1504,33.25,1,11:13:50.744,2
668,2021-06-21,1504,33.25,3,11:13:56.244,2
669,2021-06-21,1504,33.25,1,11:14:10.735,2
670,2021-06-21,1504,33.25,1,11:14:14.265,2
671,2021-06-21,1504,33.25,1,11:15:04.693,2
672,2021-06-21,1504,33.25,4,11:15:13.232,2
673,2021-06-21,1504,33.3,41,11:15:44.706,1
674,2021-06-21,1504,33.35,1,11:16:45.119,2
675,2021-06-21,1504,33.35,8,11:16:45.651,2
676,2021-06-21,1504,33.35,1,11:16:46.268,2
677,2021-06-21,1504,33.35,2,11:16:48.720,2
678,2021-06-21,1504,33.35,1,11:16:53.917,2
679,2021-06-21,1504,33.35,1,11:17:05.451,2
680,2021-06-21,1504,33.35,10,11:17:05.557,2
681,2021-06-21,1504,33.35,1,11:17:05.803,2
682,2021-06-21,1504,33.35,1,11:17:06.410,2
683,2021-06-21,1504,33.35,1,11:17:07.232,2
684,2021-06-21,1504,33.35,1,11:17:08.605,2
685,2021-06-21,1504,33.35,1,11:17:10.936,2
686,2021-06-21,1504,33.35,1,11:17:12.749,2
687,2021-06-21,1504,33.35,1,11:17:13.732,2
688,2021-06-21,1504,33.35,1,11:17:14.878,2
689,2021-06-21,1504,33.35,2,11:17:20.979,2
690,2021-06-21,1504,33.35,15,11:17:21.775,2
691,2021-06-21,1504,33.35,8,11:17:21.809,0
692,2021-06-21,1504,33.3,13,11:18:17.981,2
693,2021-06-21,1504,33.3,22,11:18:18.022,2
694,2021-06-21,1504,33.3,2,11:18:18.026,2
695,2021-06-21,1504,33.3,18,11:18:18.060,0
696,2021-06-21,1504,33.25,3,11:18:45.950,2
697,2021-06-21,1504,33.25,1,11:18:53.024,2
698,2021-06-21,1504,33.25,1,11:19:04.621,2
699,2021-06-21,1504,33.25,3,11:19:22.763,2
700,2021-06-21,1504,33.25,1,11:20:25.605,2
701,2021-06-21,1504,33.3,25,11:20:53.617,1
702,2021-06-21,1504,33.3,1,11:21:00.591,1
703,2021-06-21,1504,33.25,30,11:21:24.545,2
704,2021-06-21,1504,33.25,20,11:21:46.071,2
705,2021-06-21,1504,33.25,10,11:21:54.554,2
706,2021-06-21,1504,33.3,2,11:21:57.179,1
707,2021-06-21,1504,33.3,1,11:22:05.451,1
708,2021-06-21,1504,33.3,4,11:22:13.580,1
709,2021-06-21,1504,33.3,19,11:22:13.618,1
710,2021-06-21,1504,33.3,8,11:22:13.648,0
711,2021-06-21,1504,33.35,30,11:22:13.709,1
712,2021-06-21,1504,33.25,2,11:22:15.738,2
713,2021-06-21,1504,33.3,4,11:22:22.774,1
714,2021-06-21,1504,33.35,1,11:22:25.140,1
715,2021-06-21,1504,33.35,5,11:22:43.297,2
716,2021-06-21,1504,33.35,1,11:22:49.089,2
717,2021-06-21,1504,33.35,5,11:22:51.109,2
718,2021-06-21,1504,33.4,15,11:22:56.200,1
719,2021-06-21,1504,33.35,4,11:22:57.643,2
720,2021-06-21,1504,33.35,11,11:22:59.876,1
721,2021-06-21,1504,33.35,1,11:23:01.746,1
722,2021-06-21,1504,33.35,2,11:23:09.692,1
723,2021-06-21,1504,33.35,2,11:23:16.190,0
724,2021-06-21,1504,33.3,10,11:23:28.018,2
725,2021-06-21,1504,33.4,30,11:23:33.351,1
726,2021-06-21,1504,33.35,1,11:23:53.998,2
727,2021-06-21,1504,33.35,1,11:23:54.039,0
728,2021-06-21,1504,33.35,16,11:24:18.223,2
729,2021-06-21,1504,33.4,46,11:24:19.291,1
730,2021-06-21,1504,33.4,1,11:24:24.318,0
731,2021-06-21,1504,33.45,3,11:24:32.831,1
732,2021-06-21,1504,33.45,1,11:24:36.762,1
733,2021-06-21,1504,33.45,5,11:24:46.111,1
734,2021-06-21,1504,33.45,5,11:24:49.556,1
735,2021-06-21,1504,33.45,5,11:24:50.793,1
736,2021-06-21,1504,33.4,1,11:24:51.671,2
737,2021-06-21,1504,33.45,1,11:25:26.392,1
738,2021-06-21,1504,33.45,1,11:25:45.521,1
739,2021-06-21,1504,33.45,5,11:25:48.068,1
740,2021-06-21,1504,33.45,1,11:25:51.206,1
741,2021-06-21,1504,33.4,3,11:26:33.354,2
742,2021-06-21,1504,33.45,2,11:26:35.201,1
743,2021-06-21,1504,33.45,1,11:26:44.456,1
744,2021-06-21,1504,33.45,15,11:26:45.868,1
745,2021-06-21,1504,33.45,10,11:26:51.302,1
746,2021-06-21,1504,33.45,1,11:26:51.571,1
747,2021-06-21,1504,33.45,6,11:26:54.328,1
748,2021-06-21,1504,33.45,1,11:27:14.494,1
749,2021-06-21,1504,33.4,4,11:27:29.687,2
750,2021-06-21,1504,33.45,2,11:27:36.839,1
751,2021-06-21,1504,33.45,16,11:27:40.530,2
752,2021-06-21,1504,33.45,5,11:27:47.800,2
753,2021-06-21,1504,33.45,1,11:28:02.224,2
754,2021-06-21,1504,33.45,1,11:28:36.863,2
755,2021-06-21,1504,33.45,1,11:28:42.672,2
756,2021-06-21,1504,33.5,10,11:28:49.892,1
757,2021-06-21,1504,33.45,1,11:28:56.057,2
758,2021-06-21,1504,33.5,50,11:28:59.577,1
759,2021-06-21,1504,33.5,56,11:28:59.602,0
760,2021-06-21,1504,33.5,1,11:29:06.204,2
761,2021-06-21,1504,33.5,1,11:29:17.973,2
762,2021-06-21,1504,33.5,1,11:29:21.791,2
763,2021-06-21,1504,33.55,1,11:29:33.911,1
764,2021-06-21,1504,33.5,1,11:29:36.521,2
765,2021-06-21,1504,33.6,14,11:29:47.484,1
766,2021-06-21,1504,33.6,1,11:29:55.324,1
767,2021-06-21,1504,33.6,5,11:30:01.508,1
768,2021-06-21,1504,33.6,3,11:30:01.538,0
769,2021-06-21,1504,33.6,1,11:30:11.291,1
770,2021-06-21,1504,33.6,1,11:30:12.326,1
771,2021-06-21,1504,33.6,1,11:30:19.412,1
772,2021-06-21,1504,33.6,5,11:30:50.912,1
773,2021-06-21,1504,33.6,1,11:30:52.919,0
774,2021-06-21,1504,33.65,10,11:30:53.044,1
775,2021-06-21,1504,33.6,1,11:30:58.655,2
776,2021-06-21,1504,33.55,5,11:31:05.979,2
777,2021-06-21,1504,33.55,1,11:31:13.006,2
778,2021-06-21,1504,33.55,1,11:31:54.081,2
779,2021-06-21,1504,33.55,4,11:31:57.428,2
780,2021-06-21,1504,33.55,9,11:31:57.698,0
781,2021-06-21,1504,33.5,1,11:31:58.302,2
782,2021-06-21,1504,33.55,1,11:32:09.346,1
783,2021-06-21,1504,33.55,10,11:32:13.375,2
784,2021-06-21,1504,33.55,2,11:32:36.340,2
785,2021-06-21,1504,33.55,5,11:32:44.489,2
786,2021-06-21,1504,33.55,1,11:32:57.104,2
787,2021-06-21,1504,33.55,28,11:33:03.370,0
788,2021-06-21,1504,33.55,1,11:33:11.327,1
789,2021-06-21,1504,33.55,1,11:33:25.358,1
790,2021-06-21,1504,33.55,5,11:33:29.948,1
791,2021-06-21,1504,33.55,10,11:33:32.337,1
792,2021-06-21,1504,33.55,1,11:33:34.433,1
793,2021-06-21,1504,33.55,25,11:33:37.988,2
794,2021-06-21,1504,33.55,1,11:34:05.898,2
795,2021-06-21,1504,33.55,1,11:34:12.903,2
796,2021-06-21,1504,33.55,5,11:34:13.120,2
797,2021-06-21,1504,33.6,1,11:34:18.424,1
798,2021-06-21,1504,33.6,10,11:34:42.756,1
799,2021-06-21,1504,33.6,10,11:34:50.950,1
800,2021-06-21,1504,33.6,24,11:34:54.200,1
801,2021-06-21,1504,33.6,13,11:34:54.227,0
802,2021-06-21,1504,33.6,2,11:35:00.820,2
803,2021-06-21,1504,33.6,1,11:35:16.507,2
804,2021-06-21,1504,33.65,30,11:35:24.309,1
805,2021-06-21,1504,33.6,1,11:35:34.127,2
806,2021-06-21,1504,33.6,1,11:35:34.214,2
807,2021-06-21,1504,33.65,5,11:35:34.967,1
808,2021-06-21,1504,33.65,1,11:35:40.345,1
809,2021-06-21,1504,33.6,5,11:35:47.525,2
810,2021-06-21,1504,33.65,3,11:35:47.842,1
811,2021-06-21,1504,33.6,1,11:35:49.182,2
812,2021-06-21,1504,33.65,1,11:36:01.152,1
813,2021-06-21,1504,33.6,2,11:36:21.374,2
814,2021-06-21,1504,33.65,2,11:36:23.201,1
815,2021-06-21,1504,33.65,11,11:36:29.476,2
816,2021-06-21,1504,33.65,1,11:36:32.991,2
817,2021-06-21,1504,33.65,8,11:36:34.228,0
818,2021-06-21,1504,33.65,1,11:36:41.226,0
819,2021-06-21,1504,33.65,1,11:36:54.604,0
820,2021-06-21,1504,33.65,6,11:37:28.263,1
821,2021-06-21,1504,33.65,1,11:37:31.233,2
822,2021-06-21,1504,33.65,1,11:37:48.890,2
823,2021-06-21,1504,33.65,7,11:38:07.850,2
824,2021-06-21,1504,33.65,3,11:38:07.881,2
825,2021-06-21,1504,33.65,18,11:38:07.882,0
826,2021-06-21,1504,33.65,2,11:38:16.597,2
827,2021-06-21,1504,33.65,1,11:38:17.134,0
828,2021-06-21,1504,33.6,2,11:38:21.852,2
829,2021-06-21,1504,33.65,1,11:38:24.664,1
830,2021-06-21,1504,33.65,1,11:38:30.063,0
831,2021-06-21,1504,33.65,1,11:39:07.296,1
832,2021-06-21,1504,33.65,4,11:39:09.129,1
833,2021-06-21,1504,33.65,1,11:39:09.473,0
834,2021-06-21,1504,33.65,1,11:39:10.457,1
835,2021-06-21,1504,33.65,2,11:39:24.574,1
836,2021-06-21,1504,33.65,5,11:39:31.414,1
837,2021-06-21,1504,33.65,1,11:39:34.140,1
838,2021-06-21,1504,33.65,1,11:39:37.834,1
839,2021-06-21,1504,33.65,7,11:39:49.257,2
840,2021-06-21,1504,33.65,1,11:39:59.542,2
841,2021-06-21,1504,33.65,1,11:40:02.819,2
842,2021-06-21,1504,33.65,3,11:41:16.252,2
843,2021-06-21,1504,33.65,1,11:41:21.916,2
844,2021-06-21,1504,33.7,4,11:41:36.647,1
845,2021-06-21,1504,33.65,1,11:41:39.038,2
846,2021-06-21,1504,33.65,2,11:41:41.439,2
847,2021-06-21,1504,33.65,1,11:42:30.990,2
848,2021-06-21,1504,33.65,2,11:42:39.910,2
849,2021-06-21,1504,33.65,1,11:42:42.259,2
850,2021-06-21,1504,33.7,1,11:42:55.426,1
851,2021-06-21,1504,33.65,2,11:43:01.966,2
852,2021-06-21,1504,33.65,3,11:43:23.540,2
853,2021-06-21,1504,33.65,1,11:43:36.841,2
854,2021-06-21,1504,33.65,1,11:43:44.607,2
855,2021-06-21,1504,33.65,1,11:43:44.808,2
856,2021-06-21,1504,33.65,1,11:44:16.708,2
857,2021-06-21,1504,33.7,1,11:44:24.498,1
858,2021-06-21,1504,33.65,1,11:44:31.861,2
859,2021-06-21,1504,33.7,2,11:44:33.285,1
860,2021-06-21,1504,33.7,48,11:44:42.781,2
861,2021-06-21,1504,33.7,1,11:44:50.705,2
862,2021-06-21,1504,33.7,1,11:45:02.731,2
863,2021-06-21,1504,33.75,10,11:45:18.458,1
864,2021-06-21,1504,33.75,1,11:45:18.712,1
865,2021-06-21,1504,33.75,4,11:45:23.365,1
866,2021-06-21,1504,33.75,10,11:45:25.767,1
867,2021-06-21,1504,33.75,5,11:45:25.809,1
868,2021-06-21,1504,33.75,24,11:45:25.846,0
869,2021-06-21,1504,33.75,1,11:45:28.042,0
870,2021-06-21,1504,33.75,1,11:45:39.537,2
871,2021-06-21,1504,33.75,1,11:45:43.173,2
872,2021-06-21,1504,33.8,5,11:45:43.184,1
873,2021-06-21,1504,33.8,1,11:45:55.070,1
874,2021-06-21,1504,33.8,1,11:45:58.793,1
875,2021-06-21,1504,33.8,1,11:46:01.599,1
876,2021-06-21,1504,33.8,5,11:46:07.022,1
877,2021-06-21,1504,33.75,3,11:46:15.126,2
878,2021-06-21,1504,33.75,3,11:46:48.433,2
879,2021-06-21,1504,33.75,10,11:46:56.888,2
880,2021-06-21,1504,33.75,5,11:46:58.250,2
881,2021-06-21,1504,33.75,1,11:47:05.355,2
882,2021-06-21,1504,33.75,1,11:47:08.659,2
883,2021-06-21,1504,33.75,2,11:47:08.902,1
884,2021-06-21,1504,33.75,3,11:47:27.964,1
885,2021-06-21,1504,33.75,5,11:47:39.130,1
886,2021-06-21,1504,33.7,1,11:47:39.401,2
887,2021-06-21,1504,33.7,2,11:47:57.328,2
888,2021-06-21,1504,33.7,50,11:47:59.541,2
889,2021-06-21,1504,33.7,2,11:48:14.085,2
890,2021-06-21,1504,33.7,5,11:48:16.152,2
891,2021-06-21,1504,33.7,2,11:48:21.291,2
892,2021-06-21,1504,33.7,1,11:48:21.569,0
893,2021-06-21,1504,33.65,1,11:49:01.845,2
894,2021-06-21,1504,33.7,1,11:49:07.120,1
895,2021-06-21,1504,33.7,9,11:49:13.741,2
896,2021-06-21,1504,33.7,3,11:49:28.893,2
897,2021-06-21,1504,33.75,1,11:49:56.009,1
898,2021-06-21,1504,33.75,2,11:50:07.119,1
899,2021-06-21,1504,33.75,2,11:50:13.339,1
900,2021-06-21,1504,33.75,1,11:50:14.485,1
901,2021-06-21,1504,33.75,1,11:50:25.440,1
902,2021-06-21,1504,33.75,5,11:51:29.302,1
903,2021-06-21,1504,33.75,1,11:51:31.640,1
904,2021-06-21,1504,33.75,2,11:51:31.808,1
905,2021-06-21,1504,33.75,43,11:51:40.142,2
906,2021-06-21,1504,33.75,10,11:51:40.180,2
907,2021-06-21,1504,33.75,1,11:51:42.314,2
908,2021-06-21,1504,33.8,1,11:51:46.870,1
909,2021-06-21,1504,33.75,2,11:52:04.098,2
910,2021-06-21,1504,33.8,1,11:52:13.249,1
911,2021-06-21,1504,33.8,2,11:52:33.085,1
912,2021-06-21,1504,33.8,100,11:52:38.130,1
913,2021-06-21,1504,33.8,17,11:52:38.157,0
914,2021-06-21,1504,33.8,2,11:52:39.134,2
915,2021-06-21,1504,33.8,1,11:52:45.171,0
916,2021-06-21,1504,33.8,1,11:52:47.125,0
917,2021-06-21,1504,33.8,1,11:52:57.396,0
918,2021-06-21,1504,33.8,2,11:53:37.849,2
919,2021-06-21,1504,33.8,1,11:53:51.502,2
920,2021-06-21,1504,33.85,1,11:54:20.667,1
921,2021-06-21,1504,33.85,1,11:54:20.669,1
922,2021-06-21,1504,33.85,5,11:54:20.710,1
923,2021-06-21,1504,33.8,1,11:54:22.928,2
924,2021-06-21,1504,33.85,1,11:54:24.969,1
925,2021-06-21,1504,33.85,1,11:54:24.971,1
926,2021-06-21,1504,33.85,1,11:54:25.637,1
927,2021-06-21,1504,33.85,1,11:54:28.951,1
928,2021-06-21,1504,33.85,1,11:54:28.952,1
929,2021-06-21,1504,33.8,1,11:54:31.863,2
930,2021-06-21,1504,33.85,1,11:54:33.271,1
931,2021-06-21,1504,33.85,1,11:54:36.021,1
932,2021-06-21,1504,33.85,1,11:54:36.022,1
933,2021-06-21,1504,33.85,1,11:54:39.119,1
934,2021-06-21,1504,33.85,1,11:54:39.150,1
935,2021-06-21,1504,33.85,1,11:54:41.310,1
936,2021-06-21,1504,33.85,1,11:54:43.402,1
937,2021-06-21,1504,33.8,2,11:54:44.947,2
938,2021-06-21,1504,33.85,1,11:54:46.915,1
939,2021-06-21,1504,33.85,1,11:54:46.916,1
940,2021-06-21,1504,33.85,1,11:54:50.417,1
941,2021-06-21,1504,33.8,1,11:54:51.758,2
942,2021-06-21,1504,33.85,1,11:54:53.684,1
943,2021-06-21,1504,33.8,1,11:54:57.178,2
944,2021-06-21,1504,33.8,1,11:54:58.146,2
945,2021-06-21,1504,33.85,1,11:54:59.358,1
946,2021-06-21,1504,33.85,5,11:55:00.044,1
947,2021-06-21,1504,33.8,10,11:55:02.058,2
948,2021-06-21,1504,33.8,10,11:55:28.708,2
949,2021-06-21,1504,33.8,2,11:55:31.056,2
950,2021-06-21,1504,33.85,10,11:55:32.201,1
951,2021-06-21,1504,33.85,3,11:55:47.332,1
952,2021-06-21,1504,33.85,2,11:55:49.165,1
953,2021-06-21,1504,33.85,1,11:55:58.767,1
954,2021-06-21,1504,33.85,5,11:56:04.935,1
955,2021-06-21,1504,33.85,1,11:56:07.751,1
956,2021-06-21,1504,33.85,1,11:56:24.484,1
957,2021-06-21,1504,33.85,2,11:56:35.377,1
958,2021-06-21,1504,33.85,5,11:57:06.974,1
959,2021-06-21,1504,33.85,2,11:57:08.921,1
960,2021-06-21,1504,33.8,1,11:57:24.507,2
961,2021-06-21,1504,33.8,1,11:57:32.328,2
962,2021-06-21,1504,33.8,3,11:58:38.310,2
963,2021-06-21,1504,33.8,50,11:58:49.609,2
964,2021-06-21,1504,33.8,2,11:58:52.150,0
965,2021-06-21,1504,33.75,2,11:58:52.891,2
966,2021-06-21,1504,33.75,13,11:59:32.339,2
967,2021-06-21,1504,33.75,1,11:59:34.274,2
968,2021-06-21,1504,33.8,2,11:59:41.960,1
969,2021-06-21,1504,33.8,2,11:59:45.878,2
970,2021-06-21,1504,33.8,2,11:59:47.168,0
971,2021-06-21,1504,33.75,40,11:59:51.301,2
972,2021-06-21,1504,33.75,6,11:59:51.332,0
973,2021-06-21,1504,33.8,2,11:59:53.118,1
974,2021-06-21,1504,33.8,1,12:00:14.719,1
975,2021-06-21,1504,33.8,4,12:00:17.340,2
976,2021-06-21,1504,33.8,2,12:00:17.371,0
977,2021-06-21,1504,33.8,2,12:00:34.945,2
978,2021-06-21,1504,33.8,4,12:00:45.972,2
979,2021-06-21,1504,33.8,1,12:00:48.806,2
980,2021-06-21,1504,33.8,1,12:00:51.682,2
981,2021-06-21,1504,33.8,2,12:00:54.290,0
982,2021-06-21,1504,33.8,1,12:01:08.307,1
983,2021-06-21,1504,33.8,1,12:01:17.604,1
984,2021-06-21,1504,33.8,10,12:01:20.621,1
985,2021-06-21,1504,33.8,5,12:01:25.415,1
986,2021-06-21,1504,33.8,9,12:01:27.304,2
987,2021-06-21,1504,33.8,1,12:01:40.704,2
988,2021-06-21,1504,33.8,1,12:01:53.176,2
989,2021-06-21,1504,33.8,5,12:01:59.411,2
990,2021-06-21,1504,33.8,1,12:02:01.030,2
991,2021-06-21,1504,33.8,1,12:02:17.126,2
992,2021-06-21,1504,33.85,4,12:02:19.589,1
993,2021-06-21,1504,33.8,2,12:02:28.137,2
994,2021-06-21,1504,33.8,1,12:02:33.900,2
995,2021-06-21,1504,33.8,1,12:03:20.327,2
996,2021-06-21,1504,33.8,2,12:03:23.429,2
997,2021-06-21,1504,33.8,2,12:03:29.635,2
998,2021-06-21,1504,33.8,1,12:03:31.697,2
999,2021-06-21,1504,33.8,1,12:03:43.497,2
1000,2021-06-21,1504,33.8,1,12:03:48.623,2
1001,2021-06-21,1504,33.8,5,12:03:55.364,2
1002,2021-06-21,1504,33.8,6,12:03:55.969,2
1003,2021-06-21,1504,33.8,10,12:04:02.921,2
1004,2021-06-21,1504,33.8,74,12:04:05.603,0
1005,2021-06-21,1504,33.75,6,12:04:15.418,2
1006,2021-06-21,1504,33.7,1,12:04:15.680,2
1007,2021-06-21,1504,33.7,1,12:04:28.864,2
1008,2021-06-21,1504,33.75,3,12:04:49.824,1
1009,2021-06-21,1504,33.75,3,12:04:56.145,2
1010,2021-06-21,1504,33.75,2,12:04:59.570,2
1011,2021-06-21,1504,33.75,1,12:05:04.940,2
1012,2021-06-21,1504,33.75,3,12:05:09.303,2
1013,2021-06-21,1504,33.75,1,12:05:09.394,2
1014,2021-06-21,1504,33.7,21,12:05:09.653,2
1015,2021-06-21,1504,33.7,12,12:05:45.734,2
1016,2021-06-21,1504,33.7,2,12:05:48.093,2
1017,2021-06-21,1504,33.75,4,12:06:09.168,1
1018,2021-06-21,1504,33.75,1,12:06:09.953,0
1019,2021-06-21,1504,33.7,5,12:06:41.324,2
1020,2021-06-21,1504,33.75,2,12:07:20.218,1
1021,2021-06-21,1504,33.75,2,12:07:30.481,1
1022,2021-06-21,1504,33.75,1,12:07:31.143,2
1023,2021-06-21,1504,33.75,1,12:07:41.659,2
1024,2021-06-21,1504,33.75,1,12:08:12.640,2
1025,2021-06-21,1504,33.75,20,12:08:23.775,2
1026,2021-06-21,1504,33.75,1,12:08:25.270,2
1027,2021-06-21,1504,33.75,1,12:08:28.209,2
1028,2021-06-21,1504,33.75,1,12:08:28.532,2
1029,2021-06-21,1504,33.75,1,12:08:38.851,2
1030,2021-06-21,1504,33.75,5,12:08:41.664,2
1031,2021-06-21,1504,33.75,1,12:08:46.225,2
1032,2021-06-21,1504,33.75,1,12:08:50.824,2
1033,2021-06-21,1504,33.8,1,12:09:07.536,1
1034,2021-06-21,1504,33.75,1,12:09:09.273,2
1035,2021-06-21,1504,33.75,20,12:09:28.049,2
1036,2021-06-21,1504,33.75,1,12:09:38.126,2
1037,2021-06-21,1504,33.75,4,12:09:39.960,2
1038,2021-06-21,1504,33.75,2,12:10:53.056,2
1039,2021-06-21,1504,33.75,2,12:10:57.722,2
1040,2021-06-21,1504,33.75,2,12:11:38.617,2
1041,2021-06-21,1504,33.8,10,12:12:28.698,1
1042,2021-06-21,1504,33.8,10,12:12:44.219,1
1043,2021-06-21,1504,33.8,6,12:12:55.348,1
1044,2021-06-21,1504,33.8,1,12:12:59.460,1
1045,2021-06-21,1504,33.75,1,12:13:04.291,2
1046,2021-06-21,1504,33.75,2,12:13:13.534,2
1047,2021-06-21,1504,33.75,2,12:13:21.723,2
1048,2021-06-21,1504,33.8,6,12:13:22.278,1
1049,2021-06-21,1504,33.8,50,12:13:22.367,1
1050,2021-06-21,1504,33.8,6,12:13:22.433,1
1051,2021-06-21,1504,33.9,5,12:13:23.664,1
1052,2021-06-21,1504,33.9,1,12:13:23.896,1
1053,2021-06-21,1504,33.9,50,12:13:25.209,1
1054,2021-06-21,1504,33.9,145,12:13:25.220,0
1055,2021-06-21,1504,33.95,55,12:13:25.419,1
1056,2021-06-21,1504,33.95,2,12:13:25.758,1
1057,2021-06-21,1504,33.95,20,12:13:26.435,1
1058,2021-06-21,1504,33.95,4,12:13:26.458,1
1059,2021-06-21,1504,33.95,11,12:13:26.471,1
1060,2021-06-21,1504,33.95,2,12:13:27.334,1
1061,2021-06-21,1504,33.95,14,12:13:27.359,1
1062,2021-06-21,1504,33.95,3,12:13:27.626,1
1063,2021-06-21,1504,33.95,30,12:13:28.361,1
1064,2021-06-21,1504,33.95,2,12:13:28.476,1
1065,2021-06-21,1504,33.95,30,12:13:28.524,1
1066,2021-06-21,1504,33.95,8,12:13:28.568,1
1067,2021-06-21,1504,33.95,1,12:13:28.603,1
1068,2021-06-21,1504,33.95,2,12:13:28.757,1
1069,2021-06-21,1504,33.95,8,12:13:28.780,1
1070,2021-06-21,1504,33.95,2,12:13:28.979,1
1071,2021-06-21,1504,33.95,1,12:13:29.267,1
1072,2021-06-21,1504,33.95,1,12:13:29.477,1
1073,2021-06-21,1504,33.95,1,12:13:29.590,1
1074,2021-06-21,1504,33.95,8,12:13:29.630,1
1075,2021-06-21,1504,33.95,30,12:13:29.637,1
1076,2021-06-21,1504,33.95,36,12:13:29.669,1
1077,2021-06-21,1504,33.95,6,12:13:29.703,0
1078,2021-06-21,1504,34.0,30,12:13:29.713,1
1079,2021-06-21,1504,34.0,2,12:13:29.755,1
1080,2021-06-21,1504,34.0,1,12:13:30.331,1
1081,2021-06-21,1504,34.0,30,12:13:30.686,1
1082,2021-06-21,1504,34.0,30,12:13:30.793,1
1083,2021-06-21,1504,34.0,8,12:13:30.819,1
1084,2021-06-21,1504,34.0,1,12:13:30.927,1
1085,2021-06-21,1504,34.0,1,12:13:31.047,1
1086,2021-06-21,1504,34.0,20,12:13:31.092,1
1087,2021-06-21,1504,34.0,30,12:13:31.265,1
1088,2021-06-21,1504,34.0,8,12:13:31.295,1
1089,2021-06-21,1504,34.0,2,12:13:31.607,1
1090,2021-06-21,1504,34.0,3,12:13:31.657,1
1091,2021-06-21,1504,34.0,8,12:13:31.660,1
1092,2021-06-21,1504,34.0,30,12:13:31.774,1
1093,2021-06-21,1504,34.0,42,12:13:31.812,1
1094,2021-06-21,1504,34.0,24,12:13:31.839,1
1095,2021-06-21,1504,34.0,19,12:13:31.855,0
1096,2021-06-21,1504,34.05,20,12:13:32.147,1
1097,2021-06-21,1504,34.05,38,12:13:32.175,0
1098,2021-06-21,1504,34.1,20,12:13:32.280,1
1099,2021-06-21,1504,34.1,10,12:13:32.308,0
1100,2021-06-21,1504,34.15,2,12:13:32.919,1
1101,2021-06-21,1504,34.15,12,12:13:32.932,0
1102,2021-06-21,1504,34.2,1,12:13:33.351,1
1103,2021-06-21,1504,34.2,10,12:13:33.759,1
1104,2021-06-21,1504,34.2,5,12:13:34.158,1
1105,2021-06-21,1504,34.2,1,12:13:34.220,1
1106,2021-06-21,1504,34.2,2,12:13:34.236,1
1107,2021-06-21,1504,34.2,1,12:13:34.268,1
1108,2021-06-21,1504,34.2,5,12:13:34.322,1
1109,2021-06-21,1504,34.2,22,12:13:34.350,1
1110,2021-06-21,1504,34.2,10,12:13:34.371,0
1111,2021-06-21,1504,34.2,2,12:13:34.688,2
1112,2021-06-21,1504,34.3,1,12:13:34.718,1
1113,2021-06-21,1504,34.3,3,12:13:34.799,1
1114,2021-06-21,1504,34.3,1,12:13:34.879,0
1115,2021-06-21,1504,34.3,5,12:13:35.587,2
1116,2021-06-21,1504,34.3,5,12:13:35.607,0
1117,2021-06-21,1504,34.35,4,12:13:35.881,1
1118,2021-06-21,1504,34.35,15,12:13:36.416,2
1119,2021-06-21,1504,34.35,2,12:13:36.423,2
1120,2021-06-21,1504,34.35,9,12:13:36.447,0
1121,2021-06-21,1504,34.4,10,12:13:36.478,1
1122,2021-06-21,1504,34.3,2,12:13:37.491,2
1123,2021-06-21,1504,34.35,1,12:13:37.742,1
1124,2021-06-21,1504,34.35,1,12:13:38.416,1
1125,2021-06-21,1504,34.35,5,12:13:38.570,1
1126,2021-06-21,1504,34.35,5,12:13:38.879,1
1127,2021-06-21,1504,34.35,1,12:13:39.347,1
1128,2021-06-21,1504,34.35,1,12:13:39.459,1
1129,2021-06-21,1504,34.3,10,12:13:39.614,2
1130,2021-06-21,1504,34.3,2,12:13:40.191,1
1131,2021-06-21,1504,34.3,1,12:13:40.256,1
1132,2021-06-21,1504,34.3,1,12:13:40.306,1
1133,2021-06-21,1504,34.3,1,12:13:40.433,1
1134,2021-06-21,1504,34.3,1,12:13:40.642,1
1135,2021-06-21,1504,34.3,3,12:13:40.705,1
1136,2021-06-21,1504,34.35,5,12:13:40.832,1
1137,2021-06-21,1504,34.35,1,12:13:40.837,1
1138,2021-06-21,1504,34.35,1,12:13:40.874,1
1139,2021-06-21,1504,34.35,1,12:13:41.213,1
1140,2021-06-21,1504,34.35,1,12:13:41.321,1
1141,2021-06-21,1504,34.3,2,12:13:41.507,2
1142,2021-06-21,1504,34.35,1,12:13:41.657,1
1143,2021-06-21,1504,34.35,1,12:13:41.669,1
1144,2021-06-21,1504,34.35,2,12:13:41.685,1
1145,2021-06-21,1504,34.35,1,12:13:41.689,1
1146,2021-06-21,1504,34.35,1,12:13:41.754,1
1147,2021-06-21,1504,34.35,5,12:13:42.398,1
1148,2021-06-21,1504,34.35,5,12:13:42.550,1
1149,2021-06-21,1504,34.3,1,12:13:42.676,2
1150,2021-06-21,1504,34.3,1,12:13:42.706,0
1151,2021-06-21,1504,34.4,3,12:13:42.848,1
1152,2021-06-21,1504,34.3,1,12:13:42.996,2
1153,2021-06-21,1504,34.3,1,12:13:43.078,1
1154,2021-06-21,1504,34.3,1,12:13:43.080,1
1155,2021-06-21,1504,34.3,2,12:13:43.432,1
1156,2021-06-21,1504,34.3,1,12:13:43.456,1
1157,2021-06-21,1504,34.3,5,12:13:43.489,1
1158,2021-06-21,1504,34.3,1,12:13:43.923,0
1159,2021-06-21,1504,34.35,5,12:13:43.941,1
1160,2021-06-21,1504,34.35,1,12:13:44.030,0
1161,2021-06-21,1504,34.35,3,12:13:44.397,1
1162,2021-06-21,1504,34.35,1,12:13:44.465,1
1163,2021-06-21,1504,34.4,1,12:13:44.604,1
1164,2021-06-21,1504,34.35,1,12:13:44.937,2
1165,2021-06-21,1504,34.35,1,12:13:45.143,1
1166,2021-06-21,1504,34.2,6,12:13:45.215,2
1167,2021-06-21,1504,34.3,1,12:13:45.417,1
1168,2021-06-21,1504,34.35,1,12:13:45.664,1
1169,2021-06-21,1504,34.35,1,12:13:45.672,1
1170,2021-06-21,1504,34.35,2,12:13:46.757,1
1171,2021-06-21,1504,34.35,1,12:13:46.765,1
1172,2021-06-21,1504,34.35,10,12:13:46.931,1
1173,2021-06-21,1504,34.35,1,12:13:47.207,1
1174,2021-06-21,1504,34.4,14,12:13:47.326,1
1175,2021-06-21,1504,34.4,3,12:13:47.897,1
1176,2021-06-21,1504,34.4,10,12:13:48.110,1
1177,2021-06-21,1504,34.4,1,12:13:48.240,1
1178,2021-06-21,1504,34.35,2,12:13:48.259,2
1179,2021-06-21,1504,34.3,3,12:13:48.584,2
1180,2021-06-21,1504,34.25,1,12:13:48.626,2
1181,2021-06-21,1504,34.3,1,12:13:48.672,1
1182,2021-06-21,1504,34.3,3,12:13:48.705,1
1183,2021-06-21,1504,34.3,1,12:13:48.914,1
1184,2021-06-21,1504,34.3,1,12:13:49.100,1
1185,2021-06-21,1504,34.3,1,12:13:49.121,1
1186,2021-06-21,1504,34.3,5,12:13:49.591,1
1187,2021-06-21,1504,34.3,1,12:13:49.653,1
1188,2021-06-21,1504,34.3,1,12:13:49.736,1
1189,2021-06-21,1504,34.3,1,12:13:49.897,1
1190,2021-06-21,1504,34.3,2,12:13:50.051,1
1191,2021-06-21,1504,34.3,50,12:13:50.457,1
1192,2021-06-21,1504,34.3,1,12:13:50.461,1
1193,2021-06-21,1504,34.25,1,12:13:51.055,2
1194,2021-06-21,1504,34.3,2,12:13:51.199,1
1195,2021-06-21,1504,34.3,1,12:13:51.346,1
1196,2021-06-21,1504,34.3,5,12:13:51.417,1
1197,2021-06-21,1504,34.3,1,12:13:51.446,1
1198,2021-06-21,1504,34.3,2,12:13:51.689,1
1199,2021-06-21,1504,34.25,1,12:13:51.816,2
1200,2021-06-21,1504,34.25,2,12:13:51.845,0
1201,2021-06-21,1504,34.3,2,12:13:51.980,1
1202,2021-06-21,1504,34.3,1,12:13:52.020,1
1203,2021-06-21,1504,34.3,1,12:13:52.404,1
1204,2021-06-21,1504,34.3,1,12:13:52.428,1
1205,2021-06-21,1504,34.3,2,12:13:52.797,1
1206,2021-06-21,1504,34.3,1,12:13:52.901,1
1207,2021-06-21,1504,34.25,1,12:13:53.048,2
1208,2021-06-21,1504,34.3,1,12:13:53.060,1
1209,2021-06-21,1504,34.3,1,12:13:53.189,1
1210,2021-06-21,1504,34.3,1,12:13:53.360,1
1211,2021-06-21,1504,34.3,1,12:13:53.527,1
1212,2021-06-21,1504,34.3,1,12:13:53.668,1
1213,2021-06-21,1504,34.3,10,12:13:53.674,0
1214,2021-06-21,1504,34.35,1,12:13:54.045,1
1215,2021-06-21,1504,34.35,1,12:13:54.171,1
1216,2021-06-21,1504,34.3,8,12:13:54.316,2
1217,2021-06-21,1504,34.25,2,12:13:54.461,2
1218,2021-06-21,1504,34.25,2,12:13:54.672,1
1219,2021-06-21,1504,34.25,1,12:13:54.692,0
1220,2021-06-21,1504,34.3,1,12:13:54.895,1
1221,2021-06-21,1504,34.3,3,12:13:55.034,1
1222,2021-06-21,1504,34.3,1,12:13:55.233,1
1223,2021-06-21,1504,34.3,1,12:13:55.892,1
1224,2021-06-21,1504,34.3,1,12:13:56.037,1
1225,2021-06-21,1504,34.3,1,12:13:56.234,1
1226,2021-06-21,1504,34.3,1,12:13:56.689,1
1227,2021-06-21,1504,34.3,1,12:13:56.709,1
1228,2021-06-21,1504,34.3,5,12:13:56.745,1
1229,2021-06-21,1504,34.25,2,12:13:56.766,2
1230,2021-06-21,1504,34.3,2,12:13:56.913,1
1231,2021-06-21,1504,34.3,5,12:13:56.963,1
1232,2021-06-21,1504,34.3,1,12:13:57.089,1
1233,2021-06-21,1504,34.35,2,12:13:57.229,1
1234,2021-06-21,1504,34.35,9,12:13:57.550,1
1235,2021-06-21,1504,34.25,1,12:13:57.661,2
1236,2021-06-21,1504,34.35,1,12:13:57.973,1
1237,2021-06-21,1504,34.35,2,12:13:57.975,1
1238,2021-06-21,1504,34.3,3,12:13:58.226,2
1239,2021-06-21,1504,34.3,1,12:13:58.400,1
1240,2021-06-21,1504,34.3,5,12:13:58.560,1
1241,2021-06-21,1504,34.3,1,12:13:58.630,1
1242,2021-06-21,1504,34.3,1,12:13:58.637,1
1243,2021-06-21,1504,34.25,16,12:13:59.416,2
1244,2021-06-21,1504,34.3,1,12:13:59.882,1
1245,2021-06-21,1504,34.3,3,12:14:00.078,1
1246,2021-06-21,1504,34.3,3,12:14:00.225,1
1247,2021-06-21,1504,34.3,2,12:14:00.670,1
1248,2021-06-21,1504,34.25,1,12:14:00.814,2
1249,2021-06-21,1504,34.3,2,12:14:00.861,1
1250,2021-06-21,1504,34.3,1,12:14:00.884,1
1251,2021-06-21,1504,34.3,1,12:14:00.891,1
1252,2021-06-21,1504,34.3,5,12:14:01.059,1
1253,2021-06-21,1504,34.3,1,12:14:01.192,1
1254,2021-06-21,1504,34.3,10,12:14:01.295,1
1255,2021-06-21,1504,34.3,1,12:14:01.403,1
1256,2021-06-21,1504,34.3,1,12:14:01.812,1
1257,2021-06-21,1504,34.3,8,12:14:01.835,1
1258,2021-06-21,1504,34.3,1,12:14:01.873,1
1259,2021-06-21,1504,34.3,10,12:14:02.156,1
1260,2021-06-21,1504,34.3,9,12:14:02.185,0
1261,2021-06-21,1504,34.35,10,12:14:02.253,1
1262,2021-06-21,1504,34.3,1,12:14:02.492,2
1263,2021-06-21,1504,34.3,10,12:14:02.708,0
1264,2021-06-21,1504,34.35,1,12:14:02.828,1
1265,2021-06-21,1504,34.35,1,12:14:03.089,1
1266,2021-06-21,1504,34.35,2,12:14:03.270,1
1267,2021-06-21,1504,34.35,1,12:14:03.469,1
1268,2021-06-21,1504,34.35,1,12:14:03.670,1
1269,2021-06-21,1504,34.3,3,12:14:03.801,2
1270,2021-06-21,1504,34.3,2,12:14:03.854,1
1271,2021-06-21,1504,34.3,1,12:14:04.050,1
1272,2021-06-21,1504,34.3,5,12:14:04.329,1
1273,2021-06-21,1504,34.3,1,12:14:04.385,1
1274,2021-06-21,1504,34.3,1,12:14:04.624,1
1275,2021-06-21,1504,34.3,10,12:14:04.715,1
1276,2021-06-21,1504,34.3,2,12:14:04.798,1
1277,2021-06-21,1504,34.3,2,12:14:04.894,1
1278,2021-06-21,1504,34.3,8,12:14:04.915,1
1279,2021-06-21,1504,34.3,15,12:14:04.934,0
1280,2021-06-21,1504,34.3,5,12:14:05.310,0
1281,2021-06-21,1504,34.35,1,12:14:05.357,1
1282,2021-06-21,1504,34.35,1,12:14:05.951,1
1283,2021-06-21,1504,34.35,1,12:14:06.498,1
1284,2021-06-21,1504,34.35,2,12:14:06.899,1
1285,2021-06-21,1504,34.35,5,12:14:07.171,1
1286,2021-06-21,1504,34.35,2,12:14:07.437,1
1287,2021-06-21,1504,34.35,3,12:14:07.518,1
1288,2021-06-21,1504,34.35,1,12:14:07.549,1
1289,2021-06-21,1504,34.35,2,12:14:07.592,1
1290,2021-06-21,1504,34.35,5,12:14:07.766,1
1291,2021-06-21,1504,34.35,1,12:14:07.824,1
1292,2021-06-21,1504,34.35,15,12:14:07.916,1
1293,2021-06-21,1504,34.35,7,12:14:07.934,0
1294,2021-06-21,1504,34.4,1,12:14:07.986,1
1295,2021-06-21,1504,34.4,1,12:14:07.989,1
1296,2021-06-21,1504,34.4,1,12:14:08.046,1
1297,2021-06-21,1504,34.4,5,12:14:08.226,1
1298,2021-06-21,1504,34.4,1,12:14:08.231,1
1299,2021-06-21,1504,34.35,1,12:14:08.339,2
1300,2021-06-21,1504,34.3,5,12:14:08.788,2
1301,2021-06-21,1504,34.4,2,12:14:09.093,1
1302,2021-06-21,1504,34.35,1,12:14:09.208,2
1303,2021-06-21,1504,34.35,2,12:14:09.441,1
1304,2021-06-21,1504,34.35,2,12:14:09.483,1
1305,2021-06-21,1504,34.35,1,12:14:09.701,1
1306,2021-06-21,1504,34.35,1,12:14:10.527,1
1307,2021-06-21,1504,34.35,10,12:14:10.947,0
1308,2021-06-21,1504,34.4,1,12:14:10.981,1
1309,2021-06-21,1504,34.4,1,12:14:11.479,1
1310,2021-06-21,1504,34.4,1,12:14:11.527,1
1311,2021-06-21,1504,34.4,10,12:14:11.642,1
1312,2021-06-21,1504,34.4,1,12:14:11.651,1
1313,2021-06-21,1504,34.35,10,12:14:11.957,2
1314,2021-06-21,1504,34.4,1,12:14:12.069,1
1315,2021-06-21,1504,34.4,1,12:14:12.432,1
1316,2021-06-21,1504,34.4,2,12:14:12.834,1
1317,2021-06-21,1504,34.4,5,12:14:12.866,1
1318,2021-06-21,1504,34.35,1,12:14:12.924,2
1319,2021-06-21,1504,34.4,20,12:14:13.143,1
1320,2021-06-21,1504,34.4,1,12:14:13.177,1
1321,2021-06-21,1504,34.35,1,12:14:13.289,2
1322,2021-06-21,1504,34.4,2,12:14:13.372,1
1323,2021-06-21,1504,34.4,1,12:14:14.238,1
1324,2021-06-21,1504,34.35,2,12:14:14.693,2
1325,2021-06-21,1504,34.4,1,12:14:14.705,1
1326,2021-06-21,1504,34.4,1,12:14:14.827,1
1327,2021-06-21,1504,34.4,1,12:14:14.901,1
1328,2021-06-21,1504,34.35,2,12:14:15.037,2
1329,2021-06-21,1504,34.4,1,12:14:15.115,1
1330,2021-06-21,1504,34.4,1,12:14:15.227,1
1331,2021-06-21,1504,34.4,1,12:14:15.240,1
1332,2021-06-21,1504,34.4,17,12:14:15.253,2
1333,2021-06-21,1504,34.45,2,12:14:15.298,1
1334,2021-06-21,1504,34.45,2,12:14:16.096,1
1335,2021-06-21,1504,34.4,1,12:14:16.102,2
1336,2021-06-21,1504,34.4,1,12:14:16.225,2
1337,2021-06-21,1504,34.45,1,12:14:16.697,1
1338,2021-06-21,1504,34.45,1,12:14:16.867,1
1339,2021-06-21,1504,34.4,1,12:14:17.284,2
1340,2021-06-21,1504,34.45,1,12:14:17.499,1
1341,2021-06-21,1504,34.45,2,12:14:17.563,1
1342,2021-06-21,1504,34.4,1,12:14:17.667,2
1343,2021-06-21,1504,34.45,1,12:14:17.780,1
1344,2021-06-21,1504,34.45,1,12:14:17.867,1
1345,2021-06-21,1504,34.45,2,12:14:18.033,1
1346,2021-06-21,1504,34.4,3,12:14:18.417,2
1347,2021-06-21,1504,34.45,1,12:14:18.506,1
1348,2021-06-21,1504,34.45,1,12:14:18.773,1
1349,2021-06-21,1504,34.45,2,12:14:18.819,1
1350,2021-06-21,1504,34.45,2,12:14:19.037,1
1351,2021-06-21,1504,34.45,4,12:14:19.106,1
1352,2021-06-21,1504,34.4,2,12:14:19.353,2
1353,2021-06-21,1504,34.45,2,12:14:19.363,1
1354,2021-06-21,1504,34.45,1,12:14:19.553,1
1355,2021-06-21,1504,34.45,1,12:14:20.184,1
1356,2021-06-21,1504,34.45,2,12:14:20.208,1
1357,2021-06-21,1504,34.45,1,12:14:20.225,1
1358,2021-06-21,1504,34.45,1,12:14:21.050,1
1359,2021-06-21,1504,34.45,1,12:14:21.373,1
1360,2021-06-21,1504,34.45,5,12:14:21.755,1
1361,2021-06-21,1504,34.45,1,12:14:21.854,1
1362,2021-06-21,1504,34.45,3,12:14:22.103,1
1363,2021-06-21,1504,34.45,3,12:14:22.458,1
1364,2021-06-21,1504,34.45,5,12:14:22.495,1
1365,2021-06-21,1504,34.45,2,12:14:22.585,1
1366,2021-06-21,1504,34.45,1,12:14:22.725,1
1367,2021-06-21,1504,34.45,1,12:14:22.842,1
1368,2021-06-21,1504,34.45,5,12:14:23.083,1
1369,2021-06-21,1504,34.45,1,12:14:23.190,1
1370,2021-06-21,1504,34.45,10,12:14:23.192,1
1371,2021-06-21,1504,34.45,45,12:14:23.285,2
1372,2021-06-21,1504,34.5,20,12:14:23.361,1
1373,2021-06-21,1504,34.5,28,12:14:23.391,0
1374,2021-06-21,1504,34.55,20,12:14:23.482,1
1375,2021-06-21,1504,34.5,1,12:14:24.218,2
1376,2021-06-21,1504,34.45,2,12:14:24.315,2
1377,2021-06-21,1504,34.6,1,12:14:24.616,1
1378,2021-06-21,1504,34.45,2,12:14:24.720,2
1379,2021-06-21,1504,34.6,1,12:14:25.103,1
1380,2021-06-21,1504,34.6,1,12:14:25.148,1
1381,2021-06-21,1504,34.6,3,12:14:25.543,1
1382,2021-06-21,1504,34.55,3,12:14:26.025,2
1383,2021-06-21,1504,34.55,2,12:14:26.061,0
1384,2021-06-21,1504,34.6,2,12:14:26.179,1
1385,2021-06-21,1504,34.5,1,12:14:26.577,2
1386,2021-06-21,1504,34.6,2,12:14:27.066,1
1387,2021-06-21,1504,34.6,10,12:14:27.323,0
1388,2021-06-21,1504,34.65,1,12:14:27.739,1
1389,2021-06-21,1504,34.5,5,12:14:27.747,2
1390,2021-06-21,1504,34.55,1,12:14:27.866,1
1391,2021-06-21,1504,34.65,1,12:14:28.454,1
1392,2021-06-21,1504,34.6,1,12:14:28.953,2
1393,2021-06-21,1504,34.55,17,12:14:29.053,2
1394,2021-06-21,1504,34.55,5,12:14:29.212,1
1395,2021-06-21,1504,34.55,24,12:14:29.233,1
1396,2021-06-21,1504,34.55,4,12:14:29.234,0
1397,2021-06-21,1504,34.65,1,12:14:29.333,1
1398,2021-06-21,1504,34.5,1,12:14:29.707,2
1399,2021-06-21,1504,34.7,2,12:14:29.736,1
1400,2021-06-21,1504,34.7,2,12:14:30.086,1
1401,2021-06-21,1504,34.55,2,12:14:30.237,2
1402,2021-06-21,1504,34.7,1,12:14:30.957,1
1403,2021-06-21,1504,34.7,1,12:14:31.369,1
1404,2021-06-21,1504,34.7,1,12:14:31.498,1
1405,2021-06-21,1504,34.7,1,12:14:31.801,1
1406,2021-06-21,1504,34.7,1,12:14:31.989,1
1407,2021-06-21,1504,34.6,1,12:14:32.395,2
1408,2021-06-21,1504,34.7,1,12:14:32.430,1
1409,2021-06-21,1504,34.65,1,12:14:32.577,2
1410,2021-06-21,1504,34.7,2,12:14:32.775,1
1411,2021-06-21,1504,34.6,1,12:14:32.861,2
1412,2021-06-21,1504,34.6,1,12:14:32.876,0
1413,2021-06-21,1504,34.7,3,12:14:32.905,1
1414,2021-06-21,1504,34.65,1,12:14:32.999,2
1415,2021-06-21,1504,34.65,1,12:14:33.041,1
1416,2021-06-21,1504,34.65,1,12:14:33.374,1
1417,2021-06-21,1504,34.65,1,12:14:33.587,1
1418,2021-06-21,1504,34.65,3,12:14:33.838,1
1419,2021-06-21,1504,34.65,1,12:14:33.918,1
1420,2021-06-21,1504,34.65,2,12:14:34.419,1
1421,2021-06-21,1504,34.7,6,12:14:34.524,1
1422,2021-06-21,1504,34.7,1,12:14:34.593,1
1423,2021-06-21,1504,34.7,2,12:14:34.649,1
1424,2021-06-21,1504,34.65,1,12:14:34.797,2
1425,2021-06-21,1504,34.65,3,12:14:35.419,1
1426,2021-06-21,1504,34.65,1,12:14:35.582,1
1427,2021-06-21,1504,34.65,1,12:14:35.847,1
1428,2021-06-21,1504,34.65,12,12:14:36.018,1
1429,2021-06-21,1504,34.65,1,12:14:36.088,1
1430,2021-06-21,1504,34.65,1,12:14:36.218,1
1431,2021-06-21,1504,34.65,1,12:14:36.393,1
1432,2021-06-21,1504,34.65,1,12:14:36.409,1
1433,2021-06-21,1504,34.65,1,12:14:36.726,1
1434,2021-06-21,1504,34.65,1,12:14:36.941,1
1435,2021-06-21,1504,34.65,1,12:14:37.013,1
1436,2021-06-21,1504,34.65,1,12:14:37.295,1
1437,2021-06-21,1504,34.65,1,12:14:37.340,1
1438,2021-06-21,1504,34.65,1,12:14:37.409,1
1439,2021-06-21,1504,34.65,10,12:14:37.433,1
1440,2021-06-21,1504,34.65,1,12:14:37.452,1
1441,2021-06-21,1504,34.65,1,12:14:37.469,1
1442,2021-06-21,1504,34.6,1,12:14:37.690,2
1443,2021-06-21,1504,34.65,1,12:14:37.876,1
1444,2021-06-21,1504,34.65,1,12:14:37.895,1
1445,2021-06-21,1504,34.65,1,12:14:38.094,1
1446,2021-06-21,1504,34.65,2,12:14:38.115,1
1447,2021-06-21,1504,34.65,2,12:14:38.185,1
1448,2021-06-21,1504,34.65,1,12:14:38.192,1
1449,2021-06-21,1504,34.65,1,12:14:38.196,1
1450,2021-06-21,1504,34.65,1,12:14:38.261,1
1451,2021-06-21,1504,34.65,1,12:14:38.272,1
1452,2021-06-21,1504,34.65,1,12:14:38.617,1
1453,2021-06-21,1504,34.65,1,12:14:38.681,1
1454,2021-06-21,1504,34.65,1,12:14:38.866,1
1455,2021-06-21,1504,34.65,2,12:14:39.265,1
1456,2021-06-21,1504,34.65,2,12:14:39.322,1
1457,2021-06-21,1504,34.65,10,12:14:39.343,0
1458,2021-06-21,1504,34.6,1,12:14:39.412,2
1459,2021-06-21,1504,34.7,20,12:14:39.601,1
1460,2021-06-21,1504,34.7,1,12:14:40.010,1
1461,2021-06-21,1504,34.65,1,12:14:40.106,2
1462,2021-06-21,1504,34.65,1,12:14:40.855,2
1463,2021-06-21,1504,34.7,1,12:14:41.165,1
1464,2021-06-21,1504,34.7,2,12:14:41.323,1
1465,2021-06-21,1504,34.7,1,12:14:41.354,1
1466,2021-06-21,1504,34.7,8,12:14:41.391,1
1467,2021-06-21,1504,34.7,15,12:14:41.425,0
1468,2021-06-21,1504,34.65,3,12:14:41.556,2
1469,2021-06-21,1504,34.65,2,12:14:41.670,2
1470,2021-06-21,1504,34.75,1,12:14:41.733,1
1471,2021-06-21,1504,34.75,3,12:14:41.918,1
1472,2021-06-21,1504,34.75,3,12:14:41.947,1
1473,2021-06-21,1504,34.65,3,12:14:42.199,2
1474,2021-06-21,1504,34.7,2,12:14:42.450,1
1475,2021-06-21,1504,34.7,2,12:14:42.472,1
1476,2021-06-21,1504,34.7,1,12:14:42.477,0
1477,2021-06-21,1504,34.7,1,12:14:43.329,2
1478,2021-06-21,1504,34.75,1,12:14:44.270,1
1479,2021-06-21,1504,34.75,1,12:14:44.546,1
1480,2021-06-21,1504,34.8,2,12:14:44.793,1
1481,2021-06-21,1504,34.7,1,12:14:44.942,2
1482,2021-06-21,1504,34.75,2,12:14:45.380,1
1483,2021-06-21,1504,34.75,2,12:14:46.009,2
1484,2021-06-21,1504,34.9,4,12:14:46.149,1
1485,2021-06-21,1504,34.95,30,12:14:46.298,1
1486,2021-06-21,1504,34.75,3,12:14:46.728,2
1487,2021-06-21,1504,34.8,2,12:14:46.746,1
1488,2021-06-21,1504,34.8,1,12:14:46.932,1
1489,2021-06-21,1504,34.7,1,12:14:46.987,2
1490,2021-06-21,1504,34.8,2,12:14:47.058,1
1491,2021-06-21,1504,34.8,10,12:14:47.189,1
1492,2021-06-21,1504,34.75,10,12:14:47.355,2
1493,2021-06-21,1504,34.95,10,12:14:47.443,1
1494,2021-06-21,1504,34.85,1,12:14:47.558,2
1495,2021-06-21,1504,34.85,1,12:14:48.071,1
1496,2021-06-21,1504,34.9,2,12:14:48.224,1
1497,2021-06-21,1504,34.9,1,12:14:48.242,1
1498,2021-06-21,1504,34.95,9,12:14:48.327,1
1499,2021-06-21,1504,34.95,2,12:14:48.547,1
1500,2021-06-21,1504,34.95,4,12:14:48.559,1
1501,2021-06-21,1504,34.9,1,12:14:49.273,2
1502,2021-06-21,1504,34.9,2,12:14:49.645,1
1503,2021-06-21,1504,35.0,5,12:14:49.962,1
1504,2021-06-21,1504,34.9,1,12:14:50.011,2
1505,2021-06-21,1504,34.9,3,12:14:50.140,1
1506,2021-06-21,1504,34.85,1,12:14:50.197,2
1507,2021-06-21,1504,34.9,12,12:14:50.256,1
1508,2021-06-21,1504,34.9,1,12:14:50.270,1
1509,2021-06-21,1504,34.9,5,12:14:50.294,1
1510,2021-06-21,1504,34.9,1,12:14:50.329,1
1511,2021-06-21,1504,34.8,1,12:14:50.439,2
1512,2021-06-21,1504,34.9,2,12:14:50.828,1
1513,2021-06-21,1504,34.85,1,12:14:51.019,2
1514,2021-06-21,1504,34.9,3,12:14:51.173,1
1515,2021-06-21,1504,34.9,1,12:14:51.200,1
1516,2021-06-21,1504,34.9,4,12:14:51.440,2
1517,2021-06-21,1504,34.9,1,12:14:51.482,0
1518,2021-06-21,1504,34.95,1,12:14:51.498,1
1519,2021-06-21,1504,34.85,1,12:14:52.011,2
1520,2021-06-21,1504,34.9,2,12:14:52.030,1
1521,2021-06-21,1504,34.95,2,12:14:52.386,1
1522,2021-06-21,1504,34.9,3,12:14:52.726,2
1523,2021-06-21,1504,34.9,10,12:14:52.754,0
1524,2021-06-21,1504,34.85,2,12:14:52.889,2
1525,2021-06-21,1504,34.9,1,12:14:52.926,1
1526,2021-06-21,1504,34.95,1,12:14:53.204,1
1527,2021-06-21,1504,34.9,1,12:14:53.511,2
1528,2021-06-21,1504,34.95,1,12:14:53.530,1
1529,2021-06-21,1504,34.9,1,12:14:53.741,2
1530,2021-06-21,1504,34.95,3,12:14:54.029,1
1531,2021-06-21,1504,34.95,1,12:14:54.527,1
1532,2021-06-21,1504,34.9,1,12:14:54.841,2
1533,2021-06-21,1504,34.95,1,12:14:54.953,1
1534,2021-06-21,1504,34.95,1,12:14:55.581,1
1535,2021-06-21,1504,34.9,5,12:14:55.895,2
1536,2021-06-21,1504,34.9,1,12:14:56.076,2
1537,2021-06-21,1504,34.9,5,12:14:56.164,2
1538,2021-06-21,1504,34.95,1,12:14:56.188,1
1539,2021-06-21,1504,34.95,1,12:14:56.196,1
1540,2021-06-21,1504,34.9,39,12:14:56.288,2
1541,2021-06-21,1504,34.95,1,12:14:56.296,1
1542,2021-06-21,1504,34.95,4,12:14:56.752,1
1543,2021-06-21,1504,34.9,1,12:14:56.926,2
1544,2021-06-21,1504,34.9,1,12:14:57.021,1
1545,2021-06-21,1504,34.9,2,12:14:57.060,0
1546,2021-06-21,1504,34.85,1,12:14:57.071,2
1547,2021-06-21,1504,34.95,1,12:14:57.082,1
1548,2021-06-21,1504,34.95,1,12:14:57.221,1
1549,2021-06-21,1504,34.95,1,12:14:57.541,1
1550,2021-06-21,1504,34.85,1,12:14:57.552,2
1551,2021-06-21,1504,34.85,2,12:14:57.568,2
1552,2021-06-21,1504,34.9,1,12:14:57.730,1
1553,2021-06-21,1504,34.9,1,12:14:57.805,1
1554,2021-06-21,1504,34.9,1,12:14:57.925,1
1555,2021-06-21,1504,34.9,2,12:14:58.060,1
1556,2021-06-21,1504,34.9,5,12:14:58.363,1
1557,2021-06-21,1504,34.9,2,12:14:58.505,0
1558,2021-06-21,1504,34.9,1,12:14:58.613,1
1559,2021-06-21,1504,34.9,1,12:14:59.225,1
1560,2021-06-21,1504,34.9,1,12:14:59.270,1
1561,2021-06-21,1504,34.9,2,12:14:59.321,1
1562,2021-06-21,1504,34.9,2,12:14:59.366,1
1563,2021-06-21,1504,34.9,1,12:14:59.538,1
1564,2021-06-21,1504,34.9,5,12:14:59.919,1
1565,2021-06-21,1504,34.9,5,12:14:59.924,1
1566,2021-06-21,1504,34.9,1,12:15:00.272,1
1567,2021-06-21,1504,34.85,8,12:15:00.386,2
1568,2021-06-21,1504,34.9,2,12:15:00.524,1
1569,2021-06-21,1504,34.9,2,12:15:00.618,1
1570,2021-06-21,1504,34.85,1,12:15:00.671,2
1571,2021-06-21,1504,34.9,1,12:15:00.738,1
1572,2021-06-21,1504,34.9,30,12:15:01.000,1
1573,2021-06-21,1504,34.85,1,12:15:01.360,2
1574,2021-06-21,1504,34.9,2,12:15:01.383,1
1575,2021-06-21,1504,34.9,2,12:15:01.403,1
1576,2021-06-21,1504,34.9,1,12:15:01.492,0
1577,2021-06-21,1504,34.95,10,12:15:01.526,1
1578,2021-06-21,1504,34.95,1,12:15:02.149,1
1579,2021-06-21,1504,34.95,1,12:15:02.206,1
1580,2021-06-21,1504,35.0,26,12:15:02.239,1
1581,2021-06-21,1504,34.9,1,12:15:02.268,2
1582,2021-06-21,1504,34.9,4,12:15:02.273,2
1583,2021-06-21,1504,35.0,2,12:15:02.610,1
1584,2021-06-21,1504,35.0,2,12:15:02.636,1
1585,2021-06-21,1504,34.85,1,12:15:02.671,2
1586,2021-06-21,1504,35.0,2,12:15:02.703,1
1587,2021-06-21,1504,34.95,1,12:15:03.066,2
1588,2021-06-21,1504,34.9,1,12:15:03.278,2
1589,2021-06-21,1504,34.95,5,12:15:03.538,1
1590,2021-06-21,1504,34.95,1,12:15:03.628,1
1591,2021-06-21,1504,34.95,10,12:15:03.822,1
1592,2021-06-21,1504,34.95,2,12:15:03.975,1
1593,2021-06-21,1504,34.95,3,12:15:04.274,1
1594,2021-06-21,1504,34.95,2,12:15:04.487,1
1595,2021-06-21,1504,34.95,1,12:15:04.494,1
1596,2021-06-21,1504,34.95,1,12:15:04.616,1
1597,2021-06-21,1504,34.95,2,12:15:04.783,1
1598,2021-06-21,1504,34.95,1,12:15:04.983,1
1599,2021-06-21,1504,34.95,1,12:15:05.105,1
1600,2021-06-21,1504,34.95,1,12:15:05.129,1
1601,2021-06-21,1504,34.95,1,12:15:05.352,1
1602,2021-06-21,1504,34.95,2,12:15:05.484,1
1603,2021-06-21,1504,34.95,1,12:15:05.508,1
1604,2021-06-21,1504,34.95,1,12:15:05.735,1
1605,2021-06-21,1504,34.95,1,12:15:05.745,0
1606,2021-06-21,1504,34.95,2,12:15:05.950,1
1607,2021-06-21,1504,34.95,1,12:15:06.490,1
1608,2021-06-21,1504,34.9,1,12:15:06.823,2
1609,2021-06-21,1504,34.95,1,12:15:07.298,1
1610,2021-06-21,1504,34.9,2,12:15:07.403,2
1611,2021-06-21,1504,34.9,17,12:15:07.488,1
1612,2021-06-21,1504,34.9,1,12:15:07.509,1
1613,2021-06-21,1504,34.9,1,12:15:07.584,1
1614,2021-06-21,1504,34.9,1,12:15:07.729,1
1615,2021-06-21,1504,34.9,1,12:15:07.781,1
1616,2021-06-21,1504,34.9,5,12:15:08.050,1
1617,2021-06-21,1504,34.9,3,12:15:08.052,1
1618,2021-06-21,1504,34.9,1,12:15:08.212,0
1619,2021-06-21,1504,34.95,10,12:15:08.317,1
1620,2021-06-21,1504,34.95,1,12:15:08.394,1
1621,2021-06-21,1504,34.9,2,12:15:08.496,2
1622,2021-06-21,1504,34.9,2,12:15:08.499,1
1623,2021-06-21,1504,34.95,1,12:15:08.728,1
1624,2021-06-21,1504,34.95,2,12:15:08.777,1
1625,2021-06-21,1504,34.9,1,12:15:08.933,2
1626,2021-06-21,1504,34.9,1,12:15:09.165,1
1627,2021-06-21,1504,34.85,5,12:15:09.246,2
1628,2021-06-21,1504,34.9,1,12:15:09.262,1
1629,2021-06-21,1504,34.9,1,12:15:09.446,1
1630,2021-06-21,1504,34.9,1,12:15:09.501,1
1631,2021-06-21,1504,34.9,4,12:15:09.510,1
1632,2021-06-21,1504,34.9,1,12:15:09.651,1
1633,2021-06-21,1504,34.85,2,12:15:09.815,2
1634,2021-06-21,1504,34.9,10,12:15:09.890,1
1635,2021-06-21,1504,34.9,1,12:15:10.109,1
1636,2021-06-21,1504,34.9,1,12:15:10.472,1
1637,2021-06-21,1504,34.85,4,12:15:10.558,2
1638,2021-06-21,1504,34.9,1,12:15:10.716,1
1639,2021-06-21,1504,34.9,1,12:15:10.826,1
1640,2021-06-21,1504,34.9,1,12:15:11.133,1
1641,2021-06-21,1504,34.85,2,12:15:11.252,2
1642,2021-06-21,1504,34.9,2,12:15:11.366,1
1643,2021-06-21,1504,34.85,1,12:15:11.430,2
1644,2021-06-21,1504,34.9,1,12:15:11.551,1
1645,2021-06-21,1504,34.9,3,12:15:11.634,1
1646,2021-06-21,1504,34.9,2,12:15:11.841,1
1647,2021-06-21,1504,34.85,2,12:15:11.953,2
1648,2021-06-21,1504,34.85,5,12:15:12.006,2
1649,2021-06-21,1504,34.85,1,12:15:12.247,2
1650,2021-06-21,1504,34.85,14,12:15:12.339,0
1651,2021-06-21,1504,34.9,1,12:15:12.396,1
1652,2021-06-21,1504,34.8,2,12:15:12.397,2
1653,2021-06-21,1504,34.9,1,12:15:12.566,1
1654,2021-06-21,1504,34.9,1,12:15:12.590,1
1655,2021-06-21,1504,34.9,1,12:15:12.631,1
1656,2021-06-21,1504,34.8,2,12:15:12.675,2
1657,2021-06-21,1504,34.9,1,12:15:12.794,1
1658,2021-06-21,1504,34.9,1,12:15:12.815,1
1659,2021-06-21,1504,34.9,5,12:15:12.956,1
1660,2021-06-21,1504,34.9,1,12:15:13.339,1
1661,2021-06-21,1504,34.85,1,12:15:13.554,2
1662,2021-06-21,1504,34.9,1,12:15:13.595,1
1663,2021-06-21,1504,34.9,2,12:15:13.603,1
1664,2021-06-21,1504,34.9,3,12:15:13.667,1
1665,2021-06-21,1504,34.9,1,12:15:13.777,1
1666,2021-06-21,1504,34.85,2,12:15:14.083,2
1667,2021-06-21,1504,34.8,3,12:15:14.345,2
1668,2021-06-21,1504,34.85,1,12:15:14.542,1
1669,2021-06-21,1504,34.85,1,12:15:14.611,1
1670,2021-06-21,1504,34.85,2,12:15:14.622,1
1671,2021-06-21,1504,34.85,1,12:15:15.022,1
1672,2021-06-21,1504,34.8,2,12:15:15.555,2
1673,2021-06-21,1504,34.85,1,12:15:15.911,1
1674,2021-06-21,1504,34.85,5,12:15:16.086,1
1675,2021-06-21,1504,34.85,1,12:15:16.268,1
1676,2021-06-21,1504,34.85,1,12:15:16.318,1
1677,2021-06-21,1504,34.85,1,12:15:16.536,1
1678,2021-06-21,1504,34.8,2,12:15:17.128,2
1679,2021-06-21,1504,34.8,24,12:15:17.155,0
1680,2021-06-21,1504,34.8,1,12:15:17.287,1
1681,2021-06-21,1504,34.75,30,12:15:17.310,2
1682,2021-06-21,1504,34.75,11,12:15:17.342,0
1683,2021-06-21,1504,34.7,1,12:15:17.715,2
1684,2021-06-21,1504,34.7,37,12:15:17.743,0
1685,2021-06-21,1504,34.8,1,12:15:17.797,1
1686,2021-06-21,1504,34.8,1,12:15:18.324,1
1687,2021-06-21,1504,34.8,2,12:15:18.685,1
1688,2021-06-21,1504,34.75,1,12:15:19.818,2
1689,2021-06-21,1504,34.75,1,12:15:19.821,1
1690,2021-06-21,1504,34.75,1,12:15:19.902,0
1691,2021-06-21,1504,34.7,2,12:15:20.045,2
1692,2021-06-21,1504,34.75,1,12:15:20.232,1
1693,2021-06-21,1504,34.7,5,12:15:20.300,2
1694,2021-06-21,1504,34.75,1,12:15:20.329,1
1695,2021-06-21,1504,34.75,5,12:15:20.416,1
1696,2021-06-21,1504,34.75,5,12:15:20.432,1
1697,2021-06-21,1504,34.65,2,12:15:20.503,2
1698,2021-06-21,1504,34.65,15,12:15:20.593,2
1699,2021-06-21,1504,34.65,1,12:15:20.738,2
1700,2021-06-21,1504,34.75,3,12:15:21.075,1
1701,2021-06-21,1504,34.7,1,12:15:22.017,2
1702,2021-06-21,1504,34.7,5,12:15:22.259,2
1703,2021-06-21,1504,34.7,9,12:15:22.303,2
1704,2021-06-21,1504,34.7,5,12:15:22.344,0
1705,2021-06-21,1504,34.7,1,12:15:22.767,0
1706,2021-06-21,1504,34.75,1,12:15:23.054,1
1707,2021-06-21,1504,34.65,2,12:15:23.150,2
1708,2021-06-21,1504,34.75,1,12:15:23.180,1
1709,2021-06-21,1504,34.65,2,12:15:23.276,2
1710,2021-06-21,1504,34.75,1,12:15:23.330,1
1711,2021-06-21,1504,34.7,2,12:15:23.766,2
1712,2021-06-21,1504,34.65,39,12:15:23.799,2
1713,2021-06-21,1504,34.75,1,12:15:23.995,1
1714,2021-06-21,1504,34.7,1,12:15:24.216,2
1715,2021-06-21,1504,34.7,1,12:15:24.273,0
1716,2021-06-21,1504,34.75,5,12:15:24.363,1
1717,2021-06-21,1504,34.75,10,12:15:24.375,1
1718,2021-06-21,1504,34.65,1,12:15:24.548,2
1719,2021-06-21,1504,34.75,1,12:15:24.552,1
1720,2021-06-21,1504,34.75,1,12:15:24.753,1
1721,2021-06-21,1504,34.75,2,12:15:24.768,1
1722,2021-06-21,1504,34.7,1,12:15:24.824,2
1723,2021-06-21,1504,34.65,3,12:15:25.303,2
1724,2021-06-21,1504,34.7,3,12:15:25.462,1
1725,2021-06-21,1504,34.7,1,12:15:25.650,1
1726,2021-06-21,1504,34.7,1,12:15:25.888,1
1727,2021-06-21,1504,34.75,1,12:15:25.910,1
1728,2021-06-21,1504,34.75,1,12:15:26.193,1
1729,2021-06-21,1504,34.75,2,12:15:26.913,1
1730,2021-06-21,1504,34.75,1,12:15:26.986,0
1731,2021-06-21,1504,34.6,10,12:15:27.164,2
1732,2021-06-21,1504,34.7,1,12:15:27.667,1
1733,2021-06-21,1504,34.7,2,12:15:27.711,1
1734,2021-06-21,1504,34.7,3,12:15:28.308,1
1735,2021-06-21,1504,34.7,6,12:15:28.349,1
1736,2021-06-21,1504,34.7,2,12:15:29.581,1
1737,2021-06-21,1504,34.65,40,12:15:30.321,2
1738,2021-06-21,1504,34.65,10,12:15:30.358,0
1739,2021-06-21,1504,34.65,1,12:15:31.631,1
1740,2021-06-21,1504,34.6,1,12:15:32.147,2
1741,2021-06-21,1504,34.6,1,12:15:32.189,2
1742,2021-06-21,1504,34.65,5,12:15:32.345,1
1743,2021-06-21,1504,34.6,2,12:15:32.416,2
1744,2021-06-21,1504,34.65,3,12:15:32.730,1
1745,2021-06-21,1504,34.65,1,12:15:32.801,1
1746,2021-06-21,1504,34.65,1,12:15:32.860,1
1747,2021-06-21,1504,34.65,1,12:15:33.011,1
1748,2021-06-21,1504,34.65,1,12:15:33.289,1
1749,2021-06-21,1504,34.6,1,12:15:33.446,2
1750,2021-06-21,1504,34.65,1,12:15:33.612,1
1751,2021-06-21,1504,34.65,1,12:15:33.767,1
1752,2021-06-21,1504,34.6,1,12:15:33.797,2
1753,2021-06-21,1504,34.6,1,12:15:33.931,2
1754,2021-06-21,1504,34.65,1,12:15:34.228,1
1755,2021-06-21,1504,34.65,5,12:15:34.308,1
1756,2021-06-21,1504,34.65,1,12:15:34.698,1
1757,2021-06-21,1504,34.6,1,12:15:34.723,2
1758,2021-06-21,1504,34.65,5,12:15:35.073,1
1759,2021-06-21,1504,34.65,3,12:15:35.131,1
1760,2021-06-21,1504,34.55,4,12:15:35.162,2
1761,2021-06-21,1504,34.55,6,12:15:35.190,0
1762,2021-06-21,1504,34.65,1,12:15:35.198,1
1763,2021-06-21,1504,34.65,1,12:15:35.224,1
1764,2021-06-21,1504,34.6,2,12:15:35.444,2
1765,2021-06-21,1504,34.6,5,12:15:36.024,0
1766,2021-06-21,1504,34.5,4,12:15:36.411,2
1767,2021-06-21,1504,34.65,1,12:15:36.426,1
1768,2021-06-21,1504,34.5,10,12:15:36.536,2
1769,2021-06-21,1504,34.5,4,12:15:36.543,2
1770,2021-06-21,1504,34.5,18,12:15:36.560,0
1771,2021-06-21,1504,34.6,3,12:15:36.903,1
1772,2021-06-21,1504,34.65,1,12:15:37.439,1
1773,2021-06-21,1504,34.65,2,12:15:37.555,1
1774,2021-06-21,1504,34.6,2,12:15:38.007,2
1775,2021-06-21,1504,34.65,1,12:15:38.240,1
1776,2021-06-21,1504,34.6,2,12:15:38.243,2
1777,2021-06-21,1504,34.65,2,12:15:38.361,1
1778,2021-06-21,1504,34.65,1,12:15:38.528,1
1779,2021-06-21,1504,34.6,1,12:15:38.775,2
1780,2021-06-21,1504,34.65,1,12:15:38.793,1
1781,2021-06-21,1504,34.55,2,12:15:38.968,2
1782,2021-06-21,1504,34.65,1,12:15:39.122,1
1783,2021-06-21,1504,34.65,2,12:15:39.444,1
1784,2021-06-21,1504,34.65,2,12:15:39.838,1
1785,2021-06-21,1504,34.6,1,12:15:41.216,2
1786,2021-06-21,1504,34.55,2,12:15:41.308,2
1787,2021-06-21,1504,34.55,1,12:15:41.388,0
1788,2021-06-21,1504,34.65,4,12:15:41.778,1
1789,2021-06-21,1504,34.65,5,12:15:42.004,1
1790,2021-06-21,1504,34.5,5,12:15:42.372,2
1791,2021-06-21,1504,34.5,1,12:15:42.440,2
1792,2021-06-21,1504,34.65,3,12:15:42.741,1
1793,2021-06-21,1504,34.65,1,12:15:42.792,1
1794,2021-06-21,1504,34.6,20,12:15:42.992,2
1795,2021-06-21,1504,34.5,3,12:15:43.336,2
1796,2021-06-21,1504,34.6,1,12:15:45.080,1
1797,2021-06-21,1504,34.6,1,12:15:45.376,1
1798,2021-06-21,1504,34.6,1,12:15:45.664,1
1799,2021-06-21,1504,34.6,1,12:15:45.744,1
1800,2021-06-21,1504,34.6,1,12:15:45.789,0
1801,2021-06-21,1504,34.6,1,12:15:46.074,0
1802,2021-06-21,1504,34.5,2,12:15:46.078,2
1803,2021-06-21,1504,34.5,4,12:15:46.105,0
1804,2021-06-21,1504,34.55,2,12:15:46.290,1
1805,2021-06-21,1504,34.6,1,12:15:47.216,1
1806,2021-06-21,1504,34.6,2,12:15:47.910,1
1807,2021-06-21,1504,34.6,1,12:15:47.974,1
1808,2021-06-21,1504,34.6,2,12:15:48.296,1
1809,2021-06-21,1504,34.6,10,12:15:48.449,1
1810,2021-06-21,1504,34.6,1,12:15:50.004,1
1811,2021-06-21,1504,34.6,1,12:15:50.483,1
1812,2021-06-21,1504,34.6,1,12:15:50.630,1
1813,2021-06-21,1504,34.6,1,12:15:50.733,1
1814,2021-06-21,1504,34.55,4,12:15:51.025,2
1815,2021-06-21,1504,34.55,9,12:15:51.048,0
1816,2021-06-21,1504,34.6,1,12:15:51.080,1
1817,2021-06-21,1504,34.55,1,12:15:51.571,2
1818,2021-06-21,1504,34.6,5,12:15:52.204,1
1819,2021-06-21,1504,34.6,3,12:15:52.444,1
1820,2021-06-21,1504,34.6,1,12:15:52.569,1
1821,2021-06-21,1504,34.6,1,12:15:53.289,1
1822,2021-06-21,1504,34.6,1,12:15:53.394,1
1823,2021-06-21,1504,34.6,1,12:15:54.318,1
1824,2021-06-21,1504,34.6,5,12:15:54.497,1
1825,2021-06-21,1504,34.6,5,12:15:54.620,1
1826,2021-06-21,1504,34.6,11,12:15:54.813,2
1827,2021-06-21,1504,34.6,1,12:15:55.347,2
1828,2021-06-21,1504,34.6,1,12:15:55.448,2
1829,2021-06-21,1504,34.6,1,12:15:55.624,2
1830,2021-06-21,1504,34.65,5,12:15:55.946,1
1831,2021-06-21,1504,34.6,1,12:15:56.081,2
1832,2021-06-21,1504,34.6,1,12:15:56.091,2
1833,2021-06-21,1504,34.65,2,12:15:57.147,1
1834,2021-06-21,1504,34.6,10,12:15:57.622,2
1835,2021-06-21,1504,34.6,27,12:15:57.654,0
1836,2021-06-21,1504,34.65,2,12:15:57.726,1
1837,2021-06-21,1504,34.65,6,12:15:57.971,1
1838,2021-06-21,1504,34.65,1,12:15:59.151,1
1839,2021-06-21,1504,34.6,2,12:15:59.765,2
1840,2021-06-21,1504,34.6,1,12:16:00.032,0
1841,2021-06-21,1504,34.6,1,12:16:00.788,2
1842,2021-06-21,1504,34.6,1,12:16:00.818,2
1843,2021-06-21,1504,34.6,2,12:16:00.904,0
1844,2021-06-21,1504,34.65,1,12:16:00.933,1
1845,2021-06-21,1504,34.65,1,12:16:01.813,1
1846,2021-06-21,1504,34.6,5,12:16:02.362,2
1847,2021-06-21,1504,34.6,10,12:16:02.566,2
1848,2021-06-21,1504,34.6,4,12:16:02.760,2
1849,2021-06-21,1504,34.65,2,12:16:03.081,1
1850,2021-06-21,1504,34.65,1,12:16:03.178,1
1851,2021-06-21,1504,34.65,1,12:16:03.860,1
1852,2021-06-21,1504,34.6,5,12:16:03.871,2
1853,2021-06-21,1504,34.6,4,12:16:03.904,0
1854,2021-06-21,1504,34.55,9,12:16:03.969,2
1855,2021-06-21,1504,34.6,1,12:16:04.417,1
1856,2021-06-21,1504,34.6,1,12:16:04.669,1
1857,2021-06-21,1504,34.55,1,12:16:05.010,2
1858,2021-06-21,1504,34.6,1,12:16:05.408,1
1859,2021-06-21,1504,34.6,1,12:16:05.559,1
1860,2021-06-21,1504,34.6,1,12:16:06.128,1
1861,2021-06-21,1504,34.6,1,12:16:06.708,1
1862,2021-06-21,1504,34.6,1,12:16:07.867,1
1863,2021-06-21,1504,34.6,10,12:16:08.977,1
1864,2021-06-21,1504,34.6,3,12:16:09.029,1
1865,2021-06-21,1504,34.6,1,12:16:09.338,1
1866,2021-06-21,1504,34.6,5,12:16:09.578,1
1867,2021-06-21,1504,34.55,1,12:16:10.624,2
1868,2021-06-21,1504,34.55,15,12:16:10.656,0
1869,2021-06-21,1504,34.55,1,12:16:10.871,2
1870,2021-06-21,1504,34.6,2,12:16:11.895,1
1871,2021-06-21,1504,34.6,3,12:16:12.066,1
1872,2021-06-21,1504,34.6,10,12:16:12.074,1
1873,2021-06-21,1504,34.6,1,12:16:12.096,1
1874,2021-06-21,1504,34.6,1,12:16:13.584,1
1875,2021-06-21,1504,34.55,4,12:16:13.785,2
1876,2021-06-21,1504,34.55,1,12:16:13.873,1
1877,2021-06-21,1504,34.55,1,12:16:14.224,1
1878,2021-06-21,1504,34.55,2,12:16:14.529,1
1879,2021-06-21,1504,34.55,1,12:16:14.602,1
1880,2021-06-21,1504,34.55,1,12:16:15.115,1
1881,2021-06-21,1504,34.55,1,12:16:15.858,1
1882,2021-06-21,1504,34.55,1,12:16:16.122,1
1883,2021-06-21,1504,34.55,1,12:16:17.470,1
1884,2021-06-21,1504,34.55,1,12:16:18.761,1
1885,2021-06-21,1504,34.55,10,12:16:19.170,1
1886,2021-06-21,1504,34.55,1,12:16:19.533,1
1887,2021-06-21,1504,34.5,1,12:16:19.685,2
1888,2021-06-21,1504,34.55,2,12:16:20.220,1
1889,2021-06-21,1504,34.55,1,12:16:20.779,1
1890,2021-06-21,1504,34.55,1,12:16:21.255,1
1891,2021-06-21,1504,34.55,1,12:16:21.257,1
1892,2021-06-21,1504,34.5,50,12:16:21.636,2
1893,2021-06-21,1504,34.5,15,12:16:21.657,0
1894,2021-06-21,1504,34.45,19,12:16:21.677,2
1895,2021-06-21,1504,34.4,1,12:16:21.698,2
1896,2021-06-21,1504,34.5,1,12:16:22.930,1
1897,2021-06-21,1504,34.5,1,12:16:23.552,0
1898,2021-06-21,1504,34.5,1,12:16:23.858,0
1899,2021-06-21,1504,34.5,1,12:16:24.236,1
1900,2021-06-21,1504,34.5,2,12:16:24.290,1
1901,2021-06-21,1504,34.45,1,12:16:24.908,2
1902,2021-06-21,1504,34.5,2,12:16:24.939,1
1903,2021-06-21,1504,34.5,1,12:16:26.685,1
1904,2021-06-21,1504,34.5,2,12:16:28.951,1
1905,2021-06-21,1504,34.5,3,12:16:29.025,1
1906,2021-06-21,1504,34.45,5,12:16:29.037,2
1907,2021-06-21,1504,34.5,2,12:16:29.107,1
1908,2021-06-21,1504,34.45,1,12:16:29.566,2
1909,2021-06-21,1504,34.45,1,12:16:31.180,2
1910,2021-06-21,1504,34.45,1,12:16:31.919,2
1911,2021-06-21,1504,34.45,16,12:16:32.535,1
1912,2021-06-21,1504,34.4,35,12:16:32.563,2
1913,2021-06-21,1504,34.45,1,12:16:32.901,1
1914,2021-06-21,1504,34.45,1,12:16:33.380,1
1915,2021-06-21,1504,34.45,1,12:16:33.917,1
1916,2021-06-21,1504,34.4,1,12:16:34.295,2
1917,2021-06-21,1504,34.4,2,12:16:35.301,1
1918,2021-06-21,1504,34.4,2,12:16:35.303,1
1919,2021-06-21,1504,34.4,1,12:16:35.357,1
1920,2021-06-21,1504,34.4,1,12:16:36.613,1
1921,2021-06-21,1504,34.4,4,12:16:36.977,1
1922,2021-06-21,1504,34.35,1,12:16:37.438,2
1923,2021-06-21,1504,34.4,1,12:16:38.365,1
1924,2021-06-21,1504,34.35,1,12:16:38.532,2
1925,2021-06-21,1504,34.4,1,12:16:38.926,1
1926,2021-06-21,1504,34.35,2,12:16:39.333,2
1927,2021-06-21,1504,34.35,5,12:16:40.577,2
1928,2021-06-21,1504,34.4,1,12:16:40.672,1
1929,2021-06-21,1504,34.4,5,12:16:40.759,1
1930,2021-06-21,1504,34.35,1,12:16:42.158,2
1931,2021-06-21,1504,34.4,2,12:16:43.111,1
1932,2021-06-21,1504,34.4,5,12:16:43.662,1
1933,2021-06-21,1504,34.3,23,12:16:43.796,2
1934,2021-06-21,1504,34.3,9,12:16:43.826,0
1935,2021-06-21,1504,34.25,3,12:16:44.337,2
1936,2021-06-21,1504,34.35,1,12:16:45.122,1
1937,2021-06-21,1504,34.25,2,12:16:46.497,2
1938,2021-06-21,1504,34.25,2,12:16:47.356,2
1939,2021-06-21,1504,34.35,1,12:16:50.075,1
1940,2021-06-21,1504,34.3,1,12:16:50.582,2
1941,2021-06-21,1504,34.25,7,12:16:50.611,2
1942,2021-06-21,1504,34.25,1,12:16:51.090,0
1943,2021-06-21,1504,34.4,7,12:16:51.420,1
1944,2021-06-21,1504,34.3,3,12:16:53.792,2
1945,2021-06-21,1504,34.35,1,12:16:54.369,1
1946,2021-06-21,1504,34.35,1,12:16:56.275,1
1947,2021-06-21,1504,34.3,1,12:16:57.776,2
1948,2021-06-21,1504,34.35,1,12:16:58.687,1
1949,2021-06-21,1504,34.35,1,12:16:59.341,1
1950,2021-06-21,1504,34.3,5,12:16:59.492,2
1951,2021-06-21,1504,34.3,17,12:16:59.517,0
1952,2021-06-21,1504,34.35,2,12:16:59.969,1
1953,2021-06-21,1504,34.35,1,12:17:00.211,1
1954,2021-06-21,1504,34.25,3,12:17:00.577,2
1955,2021-06-21,1504,34.35,5,12:17:00.791,1
1956,2021-06-21,1504,34.25,1,12:17:01.407,2
1957,2021-06-21,1504,34.3,10,12:17:01.500,1
1958,2021-06-21,1504,34.3,1,12:17:01.904,1
1959,2021-06-21,1504,34.3,2,12:17:02.175,1
1960,2021-06-21,1504,34.3,1,12:17:02.728,1
1961,2021-06-21,1504,34.3,4,12:17:02.910,1
1962,2021-06-21,1504,34.3,1,12:17:03.968,1
1963,2021-06-21,1504,34.3,1,12:17:04.726,1
1964,2021-06-21,1504,34.3,1,12:17:04.736,1
1965,2021-06-21,1504,34.35,3,12:17:05.466,1
1966,2021-06-21,1504,34.35,1,12:17:05.700,2
1967,2021-06-21,1504,34.35,6,12:17:05.717,0
1968,2021-06-21,1504,34.25,3,12:17:06.782,2
1969,2021-06-21,1504,34.3,2,12:17:09.938,1
1970,2021-06-21,1504,34.3,2,12:17:09.979,0
1971,2021-06-21,1504,34.3,3,12:17:11.093,0
1972,2021-06-21,1504,34.25,19,12:17:11.159,2
1973,2021-06-21,1504,34.2,1,12:17:12.240,2
1974,2021-06-21,1504,34.3,2,12:17:13.760,1
1975,2021-06-21,1504,34.25,2,12:17:15.334,2
1976,2021-06-21,1504,34.25,5,12:17:18.396,2
1977,2021-06-21,1504,34.25,2,12:17:19.667,1
1978,2021-06-21,1504,34.25,2,12:17:20.110,1
1979,2021-06-21,1504,34.2,1,12:17:20.380,2
1980,2021-06-21,1504,34.25,1,12:17:22.087,1
1981,2021-06-21,1504,34.25,1,12:17:22.477,1
1982,2021-06-21,1504,34.25,1,12:17:22.775,1
1983,2021-06-21,1504,34.25,1,12:17:22.802,1
1984,2021-06-21,1504,34.25,1,12:17:24.249,1
1985,2021-06-21,1504,34.25,1,12:17:24.387,1
1986,2021-06-21,1504,34.25,14,12:17:24.465,2
1987,2021-06-21,1504,34.3,1,12:17:25.411,1
1988,2021-06-21,1504,34.25,1,12:17:25.759,2
1989,2021-06-21,1504,34.25,1,12:17:27.211,1
1990,2021-06-21,1504,34.25,1,12:17:27.312,1
1991,2021-06-21,1504,34.25,2,12:17:27.347,1
1992,2021-06-21,1504,34.25,1,12:17:27.533,1
1993,2021-06-21,1504,34.25,1,12:17:27.685,1
1994,2021-06-21,1504,34.25,1,12:17:28.232,1
1995,2021-06-21,1504,34.3,1,12:17:32.285,1
1996,2021-06-21,1504,34.3,1,12:17:32.452,1
1997,2021-06-21,1504,34.3,5,12:17:33.908,1
1998,2021-06-21,1504,34.3,1,12:17:35.940,1
1999,2021-06-21,1504,34.25,5,12:17:36.229,2
2000,2021-06-21,1504,34.3,1,12:17:37.429,1
2001,2021-06-21,1504,34.3,1,12:17:43.647,1
2002,2021-06-21,1504,34.3,2,12:17:44.279,1
2003,2021-06-21,1504,34.25,2,12:17:45.040,2
2004,2021-06-21,1504,34.25,11,12:17:45.066,0
2005,2021-06-21,1504,34.25,1,12:17:46.138,1
2006,2021-06-21,1504,34.2,20,12:17:46.804,2
2007,2021-06-21,1504,34.2,15,12:17:46.839,0
2008,2021-06-21,1504,34.25,1,12:17:46.865,1
2009,2021-06-21,1504,34.15,2,12:17:47.414,2
2010,2021-06-21,1504,34.25,1,12:17:47.417,1
2011,2021-06-21,1504,34.15,1,12:17:47.459,2
2012,2021-06-21,1504,34.25,1,12:17:47.935,1
2013,2021-06-21,1504,34.15,3,12:17:47.958,2
2014,2021-06-21,1504,34.25,1,12:17:48.814,1
2015,2021-06-21,1504,34.2,1,12:17:50.486,2
2016,2021-06-21,1504,34.2,1,12:17:56.767,1
2017,2021-06-21,1504,34.2,1,12:17:57.516,1
2018,2021-06-21,1504,34.2,1,12:17:58.977,1
2019,2021-06-21,1504,34.2,3,12:18:00.249,1
2020,2021-06-21,1504,34.2,3,12:18:01.993,1
2021,2021-06-21,1504,34.15,2,12:18:02.415,2
2022,2021-06-21,1504,34.2,5,12:18:02.726,1
2023,2021-06-21,1504,34.2,6,12:18:04.186,1
2024,2021-06-21,1504,34.15,9,12:18:05.696,2
2025,2021-06-21,1504,34.1,29,12:18:05.725,2
2026,2021-06-21,1504,34.05,4,12:18:06.416,2
2027,2021-06-21,1504,34.25,18,12:18:08.088,1
2028,2021-06-21,1504,34.05,2,12:18:08.912,2
2029,2021-06-21,1504,34.15,1,12:18:11.225,1
2030,2021-06-21,1504,34.1,1,12:18:12.445,2
2031,2021-06-21,1504,34.1,1,12:18:12.869,0
2032,2021-06-21,1504,34.2,1,12:18:13.097,1
2033,2021-06-21,1504,34.05,5,12:18:13.395,2
2034,2021-06-21,1504,34.15,2,12:18:19.472,1
2035,2021-06-21,1504,34.25,1,12:18:21.229,1
2036,2021-06-21,1504,34.1,17,12:18:26.770,2
2037,2021-06-21,1504,34.1,6,12:18:26.814,0
2038,2021-06-21,1504,34.15,1,12:18:26.852,1
2039,2021-06-21,1504,34.05,3,12:18:27.808,2
2040,2021-06-21,1504,34.15,2,12:18:29.834,1
2041,2021-06-21,1504,34.05,20,12:18:29.866,2
2042,2021-06-21,1504,34.2,5,12:18:29.937,1
2043,2021-06-21,1504,34.05,1,12:18:30.809,2
2044,2021-06-21,1504,34.0,3,12:18:31.809,2
2045,2021-06-21,1504,34.2,1,12:18:32.521,1
2046,2021-06-21,1504,34.0,11,12:18:33.970,2
2047,2021-06-21,1504,34.05,1,12:18:34.408,1
2048,2021-06-21,1504,34.0,3,12:18:35.227,2
2049,2021-06-21,1504,34.0,30,12:18:35.485,2
2050,2021-06-21,1504,34.0,9,12:18:35.516,0
2051,2021-06-21,1504,34.1,2,12:18:35.787,1
2052,2021-06-21,1504,34.1,1,12:18:36.315,0
2053,2021-06-21,1504,33.95,5,12:18:36.378,2
2054,2021-06-21,1504,34.1,6,12:18:36.728,1
2055,2021-06-21,1504,34.1,1,12:18:38.541,1
2056,2021-06-21,1504,34.0,1,12:18:39.038,2
2057,2021-06-21,1504,34.1,1,12:18:39.306,1
2058,2021-06-21,1504,34.05,5,12:18:39.743,2
2059,2021-06-21,1504,34.05,5,12:18:39.783,0
2060,2021-06-21,1504,34.0,20,12:18:40.134,2
2061,2021-06-21,1504,33.95,4,12:18:40.368,2
2062,2021-06-21,1504,34.05,1,12:18:42.947,1
2063,2021-06-21,1504,34.05,4,12:18:45.819,1
2064,2021-06-21,1504,34.05,4,12:18:49.439,1
2065,2021-06-21,1504,34.0,2,12:18:49.883,2
2066,2021-06-21,1504,34.0,1,12:18:50.526,0
2067,2021-06-21,1504,34.0,1,12:18:50.853,0
2068,2021-06-21,1504,34.05,1,12:18:51.536,1
2069,2021-06-21,1504,34.05,3,12:18:52.997,1
2070,2021-06-21,1504,34.05,4,12:18:53.927,2
2071,2021-06-21,1504,34.1,1,12:18:55.491,1
2072,2021-06-21,1504,34.1,8,12:18:57.943,0
2073,2021-06-21,1504,34.05,1,12:18:58.148,2
2074,2021-06-21,1504,34.1,1,12:19:00.441,1
2075,2021-06-21,1504,34.05,1,12:19:01.159,2
2076,2021-06-21,1504,34.1,1,12:19:05.878,1
2077,2021-06-21,1504,34.05,5,12:19:07.585,2
2078,2021-06-21,1504,34.05,4,12:19:07.611,0
2079,2021-06-21,1504,34.1,1,12:19:09.837,1
2080,2021-06-21,1504,34.1,6,12:19:09.982,1
2081,2021-06-21,1504,34.05,1,12:19:09.998,2
2082,2021-06-21,1504,34.1,2,12:19:10.258,1
2083,2021-06-21,1504,34.1,1,12:19:12.836,1
2084,2021-06-21,1504,34.1,1,12:19:15.552,1
2085,2021-06-21,1504,34.05,1,12:19:16.697,2
2086,2021-06-21,1504,34.1,1,12:19:16.884,1
2087,2021-06-21,1504,34.05,8,12:19:17.688,2
2088,2021-06-21,1504,34.05,2,12:19:17.718,0
2089,2021-06-21,1504,34.05,1,12:19:18.299,0
2090,2021-06-21,1504,34.0,1,12:19:20.632,2
2091,2021-06-21,1504,34.0,9,12:19:21.181,2
2092,2021-06-21,1504,34.0,12,12:19:21.221,0
2093,2021-06-21,1504,34.1,2,12:19:21.354,1
2094,2021-06-21,1504,34.1,1,12:19:24.545,1
2095,2021-06-21,1504,34.05,3,12:19:25.516,2
2096,2021-06-21,1504,34.1,1,12:19:27.839,1
2097,2021-06-21,1504,34.0,5,12:19:28.729,2
2098,2021-06-21,1504,33.95,1,12:19:30.050,2
2099,2021-06-21,1504,33.95,16,12:19:31.383,0
2100,2021-06-21,1504,33.9,2,12:19:31.659,2
2101,2021-06-21,1504,33.9,1,12:19:32.742,2
2102,2021-06-21,1504,34.0,5,12:19:33.036,1
2103,2021-06-21,1504,34.0,5,12:19:33.062,0
2104,2021-06-21,1504,33.95,1,12:19:37.503,2
2105,2021-06-21,1504,34.0,2,12:19:38.268,1
2106,2021-06-21,1504,33.95,4,12:19:39.999,2
2107,2021-06-21,1504,33.95,1,12:19:42.087,2
2108,2021-06-21,1504,33.95,1,12:19:42.342,0
2109,2021-06-21,1504,33.95,1,12:19:42.533,0
2110,2021-06-21,1504,33.9,9,12:19:44.153,2
2111,2021-06-21,1504,33.85,1,12:19:45.535,2
2112,2021-06-21,1504,33.95,3,12:19:45.646,1
2113,2021-06-21,1504,34.0,1,12:19:47.784,1
2114,2021-06-21,1504,34.0,24,12:19:50.339,0
2115,2021-06-21,1504,34.0,2,12:19:51.556,0
2116,2021-06-21,1504,33.95,3,12:19:52.900,2
2117,2021-06-21,1504,34.05,1,12:19:53.519,1
2118,2021-06-21,1504,34.0,2,12:19:53.550,2
2119,2021-06-21,1504,34.0,1,12:19:55.102,2
2120,2021-06-21,1504,34.0,4,12:19:55.653,2
2121,2021-06-21,1504,34.0,5,12:19:55.694,0
2122,2021-06-21,1504,34.0,1,12:19:55.837,2
2123,2021-06-21,1504,34.0,3,12:19:58.704,2
2124,2021-06-21,1504,34.05,3,12:19:59.032,1
2125,2021-06-21,1504,33.95,31,12:19:59.466,2
2126,2021-06-21,1504,33.95,54,12:19:59.493,0
2127,2021-06-21,1504,34.0,1,12:20:00.446,1
2128,2021-06-21,1504,33.9,2,12:20:03.223,2
2129,2021-06-21,1504,33.95,1,12:20:04.978,1
2130,2021-06-21,1504,33.95,1,12:20:06.302,1
2131,2021-06-21,1504,33.9,1,12:20:06.805,2
2132,2021-06-21,1504,33.9,2,12:20:08.152,0
2133,2021-06-21,1504,33.95,1,12:20:08.207,1
2134,2021-06-21,1504,33.95,2,12:20:08.229,1
2135,2021-06-21,1504,33.95,1,12:20:11.924,1
2136,2021-06-21,1504,33.95,1,12:20:15.399,1
2137,2021-06-21,1504,33.95,2,12:20:15.990,1
2138,2021-06-21,1504,33.9,7,12:20:16.632,2
2139,2021-06-21,1504,33.9,3,12:20:16.662,0
2140,2021-06-21,1504,33.95,1,12:20:16.789,1
2141,2021-06-21,1504,33.95,1,12:20:19.114,1
2142,2021-06-21,1504,33.95,1,12:20:19.272,1
2143,2021-06-21,1504,33.85,29,12:20:25.192,2
2144,2021-06-21,1504,33.95,6,12:20:27.865,1
2145,2021-06-21,1504,33.95,1,12:20:28.680,2
2146,2021-06-21,1504,34.0,2,12:20:28.720,1
2147,2021-06-21,1504,34.0,2,12:20:28.966,2
2148,2021-06-21,1504,33.9,1,12:20:29.376,2
2149,2021-06-21,1504,33.9,4,12:20:29.407,0
2150,2021-06-21,1504,33.95,1,12:20:36.692,1
2151,2021-06-21,1504,33.9,1,12:20:42.525,2
2152,2021-06-21,1504,34.0,1,12:20:46.743,1
2153,2021-06-21,1504,33.95,1,12:20:48.690,2
2154,2021-06-21,1504,33.95,1,12:20:54.775,0
2155,2021-06-21,1504,33.95,3,12:21:00.324,0
2156,2021-06-21,1504,33.95,1,12:21:09.691,1
2157,2021-06-21,1504,33.95,1,12:21:11.238,1
2158,2021-06-21,1504,33.95,1,12:21:11.333,1
2159,2021-06-21,1504,33.95,4,12:21:12.118,2
2160,2021-06-21,1504,33.95,1,12:21:13.522,0
2161,2021-06-21,1504,33.95,1,12:21:18.874,2
2162,2021-06-21,1504,33.95,3,12:21:26.804,2
2163,2021-06-21,1504,34.0,3,12:21:34.993,1
2164,2021-06-21,1504,33.95,1,12:21:36.255,2
2165,2021-06-21,1504,33.95,9,12:21:36.885,1
2166,2021-06-21,1504,33.95,5,12:21:38.834,1
2167,2021-06-21,1504,33.95,10,12:21:40.137,1
2168,2021-06-21,1504,33.95,5,12:21:40.916,1
2169,2021-06-21,1504,33.95,1,12:21:42.812,1
2170,2021-06-21,1504,33.95,1,12:21:43.537,1
2171,2021-06-21,1504,33.95,2,12:21:45.858,1
2172,2021-06-21,1504,33.95,1,12:21:46.819,1
2173,2021-06-21,1504,33.95,2,12:21:46.837,1
2174,2021-06-21,1504,33.95,3,12:21:47.666,1
2175,2021-06-21,1504,33.95,1,12:21:47.882,0
2176,2021-06-21,1504,33.95,3,12:21:52.740,1
2177,2021-06-21,1504,33.95,1,12:21:54.014,1
2178,2021-06-21,1504,33.95,2,12:21:54.808,1
2179,2021-06-21,1504,33.95,1,12:21:56.059,1
2180,2021-06-21,1504,33.95,1,12:21:59.988,1
2181,2021-06-21,1504,33.95,1,12:22:01.365,1
2182,2021-06-21,1504,33.95,5,12:22:02.309,1
2183,2021-06-21,1504,33.95,17,12:22:02.338,0
2184,2021-06-21,1504,33.9,2,12:22:08.997,2
2185,2021-06-21,1504,33.95,4,12:22:12.551,1
2186,2021-06-21,1504,33.95,2,12:22:17.458,1
2187,2021-06-21,1504,33.95,1,12:22:19.137,1
2188,2021-06-21,1504,33.95,1,12:22:21.554,1
2189,2021-06-21,1504,33.95,1,12:22:22.738,1
2190,2021-06-21,1504,33.95,1,12:22:22.922,0
2191,2021-06-21,1504,33.95,1,12:22:26.048,1
2192,2021-06-21,1504,33.95,1,12:22:30.221,0
2193,2021-06-21,1504,33.9,4,12:22:32.032,2
2194,2021-06-21,1504,33.95,1,12:22:40.414,1
2195,2021-06-21,1504,33.9,1,12:22:41.398,2
2196,2021-06-21,1504,33.9,26,12:22:43.144,2
2197,2021-06-21,1504,33.9,3,12:22:43.166,0
2198,2021-06-21,1504,33.9,1,12:22:45.717,1
2199,2021-06-21,1504,33.85,4,12:22:48.323,2
2200,2021-06-21,1504,33.85,11,12:22:48.354,0
2201,2021-06-21,1504,33.8,1,12:22:48.556,2
2202,2021-06-21,1504,33.8,1,12:22:48.785,2
2203,2021-06-21,1504,33.8,15,12:22:49.255,2
2204,2021-06-21,1504,33.8,14,12:22:53.942,2
2205,2021-06-21,1504,33.8,13,12:22:53.969,0
2206,2021-06-21,1504,33.75,2,12:22:57.230,2
2207,2021-06-21,1504,33.75,1,12:22:57.911,2
2208,2021-06-21,1504,33.8,2,12:22:59.263,1
2209,2021-06-21,1504,33.75,2,12:23:01.338,2
2210,2021-06-21,1504,33.75,5,12:23:01.505,2
2211,2021-06-21,1504,33.75,3,12:23:02.201,2
2212,2021-06-21,1504,33.75,3,12:23:04.669,2
2213,2021-06-21,1504,33.75,2,12:23:04.717,2
2214,2021-06-21,1504,33.75,1,12:23:06.724,2
2215,2021-06-21,1504,33.75,1,12:23:09.413,2
2216,2021-06-21,1504,33.75,4,12:23:09.735,2
2217,2021-06-21,1504,33.8,1,12:23:10.468,1
2218,2021-06-21,1504,33.75,2,12:23:11.035,2
2219,2021-06-21,1504,33.75,1,12:23:12.209,2
2220,2021-06-21,1504,33.75,2,12:23:13.113,2
2221,2021-06-21,1504,33.75,1,12:23:13.138,0
2222,2021-06-21,1504,33.75,1,12:23:13.592,0
2223,2021-06-21,1504,33.7,6,12:23:17.546,2
2224,2021-06-21,1504,33.7,1,12:23:19.712,2
2225,2021-06-21,1504,33.8,1,12:23:21.105,1
2226,2021-06-21,1504,33.8,1,12:23:35.232,1
2227,2021-06-21,1504,33.8,1,12:23:37.218,1
2228,2021-06-21,1504,33.75,1,12:23:38.298,2
2229,2021-06-21,1504,33.75,1,12:23:45.643,2
2230,2021-06-21,1504,33.75,2,12:23:49.287,2
2231,2021-06-21,1504,33.8,1,12:23:54.099,1
2232,2021-06-21,1504,33.8,3,12:23:58.666,1
2233,2021-06-21,1504,33.8,3,12:23:59.411,1
2234,2021-06-21,1504,33.8,1,12:24:05.785,1
2235,2021-06-21,1504,33.8,1,12:24:09.788,1
2236,2021-06-21,1504,33.75,5,12:24:09.907,2
2237,2021-06-21,1504,33.8,1,12:24:10.058,1
2238,2021-06-21,1504,33.8,1,12:24:10.271,1
2239,2021-06-21,1504,33.8,1,12:24:12.047,1
2240,2021-06-21,1504,33.8,1,12:24:20.353,1
2241,2021-06-21,1504,33.8,1,12:24:21.469,1
2242,2021-06-21,1504,33.8,1,12:24:22.458,1
2243,2021-06-21,1504,33.8,10,12:24:22.487,0
2244,2021-06-21,1504,33.8,2,12:24:24.553,0
2245,2021-06-21,1504,33.85,1,12:24:36.793,1
2246,2021-06-21,1504,33.85,3,12:24:36.819,0
2247,2021-06-21,1504,33.85,1,12:24:40.208,0
2248,2021-06-21,1504,33.85,1,12:24:49.215,2
2249,2021-06-21,1504,33.85,2,12:24:49.250,0
2250,2021-06-21,1504,33.85,1,12:24:50.269,1
2251,2021-06-21,1504,33.8,5,12:24:54.836,2
2252,2021-06-21,1504,33.8,1,12:24:54.878,0
2253,2021-06-21,1504,33.8,1,12:25:05.870,2
2254,2021-06-21,1504,33.8,3,12:25:05.903,0
2255,2021-06-21,1504,33.8,10,12:25:19.842,2
2256,2021-06-21,1504,33.8,5,12:25:30.981,2
2257,2021-06-21,1504,33.8,5,12:25:36.037,0
2258,2021-06-21,1504,33.8,1,12:25:48.485,0
2259,2021-06-21,1504,33.8,1,12:26:13.536,1
2260,2021-06-21,1504,33.8,1,12:26:15.169,1
2261,2021-06-21,1504,33.8,2,12:26:15.936,1
2262,2021-06-21,1504,33.75,2,12:26:16.078,2
2263,2021-06-21,1504,33.8,2,12:26:23.832,1
2264,2021-06-21,1504,33.8,6,12:26:27.426,1
2265,2021-06-21,1504,33.8,1,12:26:31.025,1
2266,2021-06-21,1504,33.8,6,12:26:40.414,1
2267,2021-06-21,1504,33.8,2,12:26:43.239,0
2268,2021-06-21,1504,33.8,1,12:26:48.739,0
2269,2021-06-21,1504,33.8,2,12:27:02.884,0
2270,2021-06-21,1504,33.8,1,12:27:05.942,0
2271,2021-06-21,1504,33.75,1,12:27:08.046,2
2272,2021-06-21,1504,33.75,23,12:27:13.928,1
2273,2021-06-21,1504,33.7,5,12:27:14.314,2
2274,2021-06-21,1504,33.7,15,12:27:14.558,0
2275,2021-06-21,1504,33.65,1,12:27:14.629,2
2276,2021-06-21,1504,33.65,4,12:27:19.235,2
2277,2021-06-21,1504,33.65,2,12:27:19.313,2
2278,2021-06-21,1504,33.65,4,12:27:21.077,2
2279,2021-06-21,1504,33.65,1,12:27:22.380,2
2280,2021-06-21,1504,33.65,1,12:27:23.205,1
2281,2021-06-21,1504,33.6,4,12:27:23.553,2
2282,2021-06-21,1504,33.65,3,12:27:25.385,1
2283,2021-06-21,1504,33.65,1,12:27:26.541,1
2284,2021-06-21,1504,33.6,10,12:27:29.152,2
2285,2021-06-21,1504,33.6,2,12:27:29.324,2
2286,2021-06-21,1504,33.6,8,12:27:29.949,2
2287,2021-06-21,1504,33.6,2,12:27:30.376,2
2288,2021-06-21,1504,33.6,1,12:27:32.920,2
2289,2021-06-21,1504,33.6,1,12:27:37.523,2
2290,2021-06-21,1504,33.6,1,12:27:40.931,2
2291,2021-06-21,1504,33.6,22,12:27:41.049,1
2292,2021-06-21,1504,33.55,2,12:27:41.192,2
2293,2021-06-21,1504,33.55,6,12:27:45.903,2
2294,2021-06-21,1504,33.55,4,12:27:46.014,2
2295,2021-06-21,1504,33.55,1,12:27:46.459,2
2296,2021-06-21,1504,33.55,2,12:27:46.813,2
2297,2021-06-21,1504,33.55,6,12:27:46.842,0
2298,2021-06-21,1504,33.55,2,12:27:47.872,1
2299,2021-06-21,1504,33.55,2,12:27:47.962,1
2300,2021-06-21,1504,33.4,9,12:27:48.614,2
2301,2021-06-21,1504,33.4,1,12:27:49.229,2
2302,2021-06-21,1504,33.4,3,12:27:49.262,2
2303,2021-06-21,1504,33.3,1,12:27:52.319,2
2304,2021-06-21,1504,33.5,2,12:27:55.179,1
2305,2021-06-21,1504,33.5,2,12:27:55.944,1
2306,2021-06-21,1504,33.5,1,12:27:56.630,1
2307,2021-06-21,1504,33.55,2,12:27:56.958,1
2308,2021-06-21,1504,33.5,1,12:28:01.793,2
2309,2021-06-21,1504,33.5,1,12:28:02.548,2
2310,2021-06-21,1504,33.5,1,12:28:03.543,2
2311,2021-06-21,1504,33.45,3,12:28:06.473,2
2312,2021-06-21,1504,33.5,1,12:28:08.150,1
2313,2021-06-21,1504,33.5,2,12:28:12.456,0
2314,2021-06-21,1504,33.5,1,12:28:13.074,1
2315,2021-06-21,1504,33.55,1,12:28:19.617,1
